2708 5226
126 584 190 646 108
453 575 627 643 NOVUM
650 572 898 641 ORGANUM.

126 744 222 815 lucto
252 749 388 813 naturae
416 740 461 813 ad
489 742 708 834 interrogata
734 734 1008 834 respondeffl,
1035 759 1209 830 paucorum

126 881 300 930 annomm
325 868 419 931 esset
444 859 604 929 inventio
630 879 815 928 musarum
837 863 877 926 et
898 854 1128 926 scientiarum
1150 877 1212 924 om·

126 979 238 1049 nium.

610 1087 754 1160 CXIII.

180 1207 299 1280 Etiam
320 1205 481 1277 nonnihil
502 1205 705 1277 hominibus
730 1206 805 1299 spei
832 1205 907 1276 lieri
933 1225 1037 1296 posse
1063 1209 1218 1295 putamus

128 1327 175 1398 ab
204 1322 371 1416 exemplo
400 1331 522 1394 nostro
549 1318 746 1415 propri0⁴³;
775 1343 892 1413 neque
912 1318 1102 1413 jactantiae
1128 1340 1221 1388 causa

129 1445 197 1515 hoc
215 1442 375 1523 dicimus,
394 1439 454 1509 sed
473 1438 568 1532 quod
586 1438 675 1510 utile
693 1439 792 1510 dictu
809 1439 866 1509 sit.
917 1437 959 1508 Si
975 1439 1037 1530 qui
1060 1434 1221 1517 diffidant,

129 1582 189 1631 me
206 1559 360 1638 videant,
377 1555 559 1627 hominem
577 1555 672 1626 inter
696 1555 858 1626 homiues
874 1553 989 1624 aetatis
1009 1575 1100 1623 mese
1121 1549 1224 1623 civili·

130 1675 198 1746 bus
214 1675 368 1768 negotiis
387 1670 707 1765 occupatissimum,
725 1694 791 1742 nec
809 1671 910 1742 firma
926 1670 1122 1741 admodum
1138 1665 1226 1739 vale·

131 1791 269 1872 tudine,
298 1788 408 1881 (quod
442 1810 613 1882 magnum
646 1786 756 1858 habet
790 1787 960 1880 temporis
990 1785 1225 1879 dispendium)

131 1915 241 2000 atque
266 1907 304 1975 in
328 1905 394 1974 hac
420 1926 458 1975 re
484 1902 588 1997 plane
608 1903 841 1999 protopirum,
858 1913 898 1975 et
923 1902 1076 1996 vestigia
1099 1901 1227 1972 nullius

132 2030 335 2116 sequutum,
355 2042 472 2112 neque
496 2019 570 2092 haec
597 2021 674 2115 ipsa
697 2043 781 2092 cum
806 2019 880 2092 ullo
905 2017 1112 2090 mortalium
1139 2041 1228 2089 com·

132 2139 398 2221 manicantem3
424 2147 462 2207 et
485 2145 605 2207 tamen
623 2159 743 2209 veram
762 2137 855 2208 mam
877 2142 1083 2206 constanter
1101 2136 1229 2229 ingres

132 2277 223 2338 sum,
249 2263 287 2326 et
311 2253 496 2347 ingenium
522 2254 629 2324 rebus
654 2253 937 2336 submittentem,
961 2249 1041 2323 haec
1071 2252 1148 2344 ipsa
1171 2249 1230 2321 ali·

133 2379 309 2465 quetenus
342 2368 399 2459 (ut
432 2367 692 2460 existimamus)
727 2370 950 2462 provexisse:
993 2378 1033 2438 et
1067 2367 1229 2460 deinceps

132 2487 287 2569 videant,
310 2484 395 2577 quid
421 2484 466 2554 ab
493 2483 696 2555 hominihus
722 2486 796 2555 otio
823 2483 1100 2567 abundantibus,
1126 2493 1229 2576 atque

132 2626 154 2674 a
176 2600 353 2673 laboribus
375 2600 592 2682 consociatis,
609 2608 716 2691 atque
737 2623 759 2670 a
779 2608 981 2693 temporum
1002 2602 1229 2681 successione,

132 2725 213 2810 post
229 2716 305 2786 haec
327 2716 459 2786 iudicia
475 2724 595 2785 nostra
612 2716 874 2808 expectandum
891 2717 957 2801 sit;
984 2717 1181 2808 presertim
1198 2717 1230 2785 iu

134 2833 202 2915 via,
219 2854 297 2924 quoe
320 2854 389 2902 nou
407 2831 555 2924 siugulis
579 2833 803 2903 solummodo
825 2833 946 2925 pervia
970 2841 1026 2902 est
1052 2830 1111 2921 (ut
1133 2832 1175 2903 lit
1197 2833 1229 2901 in

133 2949 191 3019 via
215 2947 277 3017 illa
299 2945 487 3041 rationali),
505 2948 566 3017 sed
590 2947 651 3017 ubi
676 2947 861 3018 hominum
888 2947 1027 3018 labores
1051 2957 1091 3018 et
1116 2971 1230 3040 operae

135 3065 344 3158 (presertim
365 3071 538 3155 quantum
561 3062 606 3134 ad
630 3063 857 3156 experientia
877 3062 1081 3156 collectam)
1099 3065 1230 3156 optime

131 3181 304 3261 distribui,
324 3189 363 3251 et
386 3180 515 3251 deinde
541 3181 704 3273 componi
733 3181 878 3273 possint.
929 3178 1021 3250 Tum
1048 3181 1146 3252 enim
1172 3181 1230 3250 ho-

130 3299 245 3369 mines
270 3298 362 3368 vires
388 3318 468 3367 suas
493 3318 594 3366 nosse
620 3296 804 3388 incipient,
824 3318 905 3368 cum
932 3318 1003 3365 non
1030 3296 1156 3367 eadem
1182 3296 1231 3365 in·

131 3414 233 3495 finiti,
250 3412 312 3484 sed
330 3410 400 3484 alia
415 3411 475 3482 alii
494 3407 756 3503 praestabunt⁴⁴.

166 3668 252 3724 ⁴²i.e.
276 3670 339 3740 Any
361 3686 413 3724 one
436 3675 464 3723 to
487 3685 590 3722 answer
612 3684 663 3722 our
702 3667 804 3739 iusight
817 3668 874 3722 into
890 3668 926 3721 all
941 3665 1072 3722 branchos
1088 3666 1120 3722 oi
1133 3668 1231 3722 seleuce

131 3747 268 3819 questions
286 3747 340 3802 aud
357 3748 404 3801 tell
421 3764 454 3801 us
466 3745 537 3800 what
548 3745 593 3800 the
607 3746 663 3801 lact
704 3745 856 3818 (compared
868 3746 932 3800 with
944 3745 990 3800 the
1000 3745 1117 3817 existiug
1129 3756 1195 3801 stete
1205 3744 1234 3799 ci

131 3826 164 3891 is,
177 3824 230 3881 and
251 3824 322 3879 what
341 3824 386 3879 the
406 3826 490 3880 result
508 3823 598 3879 would
619 3823 661 3888 bc,
702 3824 881 3896 knowledge),
894 3822 948 3878 and
967 3833 995 3878 at
1014 3823 1060 3878 the
1080 3842 1154 3879 nme
1172 3826 1231 3879 time

132 3904 244 3959 without
264 3920 315 3958 our
332 3902 433 3974 having
453 3903 499 3957 the
517 3900 662 3957 hindrauoe
702 3904 751 3958 has
774 3903 842 3958 been
862 3920 894 3956 so
914 3902 1026 3973 actively
1046 3902 1186 3975 employed
1206 3902 1231 3956 iu

132 3981 185 4037 and
198 3981 327 4053 difficulty
334 3982 365 4036 cI
373 3982 456 4052 going
467 3981 586 4052 through
597 3980 662 4036 each
703 3983 749 4037 the
760 3981 848 4036 affairs
860 3981 891 4037 oi
900 3982 980 4036 social
992 3980 1057 4034 life?

132 4061 274 4132 particular
303 4060 474 4130 experimeut.
516 4060 588 4115 Here
617 4069 662 4116 too
738 4061 765 4099 ⁴⁴
782 4059 856 4115 Here
871 4060 893 4114 is
913 4059 959 4114 the
977 4077 1052 4131 germ
1070 4058 1102 4113 oi
1115 4059 1164 4114 the
1178 4077 1232 4114 mo·

133 4155 214 4209 peeps
235 4143 284 4192 out
306 4137 422 4193 Bacou’s
443 4140 573 4210 sauguine
593 4137 662 4209 hope
704 4139 770 4194 dem
786 4139 913 4209 principle
928 4136 960 4193 ol
973 4143 991 4168 ‘¹
999 4138 1124 4192 Divisiou
1139 4138 1171 4192 ol
1184 4137 1232 4191 la-

132 4216 175 4271 Ior
185 4214 351 4288 knowledge.
375 4216 419 4272 lle
430 4218 563 4290 evidently
574 4217 662 4289 hoped
703 4219 793 4274 bour’'
810 4235 841 4272 so
857 4218 915 4271 well
932 4215 1022 4271 drawn
1037 4224 1087 4273 cut
1099 4217 1135 4288 hy
1147 4216 1233 4271 Adam

133 4295 176 4350 lor
187 4310 262 4349 some
273 4295 341 4349 such
354 4297 437 4350 result
448 4305 477 4350 tc
488 4297 577 4351 follow
588 4314 662 4368 upou
704 4296 793 4352 Smith
801 4296 829 4351 iu
836 4296 882 4350 the
888 4295 1036 4367 beginning
1045 4296 1076 4350 cI
1081 4295 1233 4351 hisWealth

133 4373 179 4428 the
190 4372 349 4444 applicatiou
360 4373 392 4428 ol
399 4373 443 4428 his
453 4392 513 4430 new
521 4375 644 4431 Method.
702 4374 734 4430 oi
755 4375 878 4430 Naticns.
918 4374 951 4428 Iu
975 4373 1037 4437 this,
1057 4391 1087 4429 as
1110 4374 1140 4429 in
1160 4373 1234 4429 other

168 4451 195 4492 ⁴³
207 4452 323 4507 Bacon's
333 4452 465 4508 reference
476 4461 504 4509 to
515 4454 625 4510 himself
634 4455 661 4509 in
702 4454 803 4525 things,
827 4451 963 4508 increased
986 4452 1118 4508 witness
1143 4453 1233 4523 brings

133 4531 186 4587 this
205 4533 280 4603 place
296 4530 320 4585 is
337 4530 463 4604 perlectly
476 4532 543 4604 just.
579 4533 663 4589 What
703 4533 768 4588 with
783 4533 834 4588 ita
851 4532 907 4587 risk
926 4532 958 4587 cI
972 4540 1045 4586 want
1061 4537 1093 4585 ol
1109 4531 1231 4601 stability.

133 4608 575 4666 maubeloreoraltsuheshed
596 4613 664 4668 euch
706 4611 829 4667 Division
856 4609 1019 4666 cllabour
1048 4610 1097 4664 has
1127 4626 1233 4679 every
