2708 5226
463 512 551 579 LIB.
571 511 617 577 11.
632 531 684 594 40.
1061 509 1126 577 263

17 675 221 759 emittitur;
248 674 310 747 sed
336 683 477 746 tantum
497 676 591 745 inter
611 675 767 747 claustra
788 698 853 746 sua
875 683 992 747 tentat
1008 684 1047 747 et
1063 699 1127 747 ex-

17 793 167 886 peritur,
184 799 293 884 alque
320 800 425 863 nacta
445 801 500 864 est
523 802 641 886 partes
659 792 846 889 tangibiles
862 792 1071 864 obedientes
1088 803 1127 865 et

16 931 190 1002 sequaces
207 909 245 979 in
262 917 449 1002 pmmptu;
476 910 527 980 ita
544 917 586 980 ut
602 932 674 1001 quo
691 909 835 1002 spiritus
851 909 936 1004 agit,
952 932 1003 980 eae
1020 908 1127 979 simul

16 1033 235 1120 sequantur:
263 1033 341 1096 tum
358 1047 441 1097 vero
458 1026 618 1117 sequitur
639 1024 838 1097 efformatio
861 1025 898 1095 in
922 1048 1049 1118 corpus
1071 1048 1127 1097 or·

16 1143 200 1238 panicum,
217 1149 256 1213 et
279 1141 562 1225 membrificatio‚
585 1140 787 1235 etreliqua
809 1143 968 1215 actiones
990 1143 1125 1227 vitales,

17 1259 151 1331 tamin
168 1257 427 1352 vegetabilibus
441 1279 553 1350 quam
576 1259 613 1328 in
639 1258 860 1330 animalibus.
913 1259 1036 1352 Atque
1052 1259 1127 1331 haec

17 1377 179 1449 maxime
197 1376 424 1447 deducuntur
441 1375 485 1445 ad
504 1398 657 1459 sensum,
675 1397 737 1468 per
757 1378 958 1449 notationes
976 1376 1127 1471 diligen·

18 1503 75 1566 tes
92 1494 288 1588 primorum
313 1492 523 1585 inceptuum
545 1499 584 1562 et
605 1492 887 1564 rudimentorum
912 1495 988 1564 sive
1011 1501 1127 1564 tenta-

17 1619 227 1683 mentorum
240 1610 322 1679 vitae
338 1610 376 1679 in
393 1607 614 1680 animalculis
630 1630 677 1678 ex
692 1609 954 1701 putrefactione
972 1611 1073 1693 natis,
1085 1617 1127 1680 ut

16 1728 57 1798 in
81 1728 161 1797 ovis
189 1725 427 1807 formicarum,
446 1724 637 1807 vermibus,
664 1725 804 1806 muscis,
830 1726 923 1797 ranis
952 1734 1033 1818 post
1061 1726 1129 1795 im·

18 1842 133 1923 brem,
161 1838 229 1912 &c
292 1840 501 1932 Requiritur
533 1846 655 1911 autem
689 1840 734 1910 ad
771 1841 1054 1924 vivificationem,
1088 1851 1129 1913 et

17 1956 149 2029 lenitas
175 1957 309 2041 caloris,
327 1965 367 2029 et
392 1955 510 2027 lentor
534 1957 710 2049 corporis3
737 1965 777 2026 ut
802 1957 949 2049 spiritus
974 1980 1040 2029 nec
1064 1981 1128 2051 per

17 2072 287 2146 festinationem
312 2080 485 2164 erumpat,
506 2093 574 2140 nec
599 2092 664 2163 per
687 2071 947 2140 contumaciam
973 2072 1128 2164 partium

15 2191 243 2269 coerceatur:
269 2190 357 2282 quin
374 2189 495 2282 potius
512 2187 556 2257 ad
574 2209 664 2258 cerae
681 2186 828 2256 modum
846 2183 924 2255 illas
941 2184 1072 2277 plicare
1088 2197 1128 2259 st

13 2305 187 2401 effingere
204 2307 325 2400 possit.

67 2422 215 2508 Rursus,
232 2422 435 2495 differentia
451 2417 513 2491 illa
529 2418 675 2512 spiritus
697 2417 854 2487 maxime
872 2415 1011 2498 nobilis,
1028 2420 1127 2490 etad

14 2539 172 2634 plurima
195 2540 388 2633 pertinens,
416 2539 498 2631 (viz.
524 2537 670 2630 spiritus
696 2534 866 2615 abscissi;
892 2535 1018 2607 ramosi
1044 2535 1127 2606 sim-

13 2655 179 2750 pliciter3
208 2656 335 2726 ramosi
365 2653 472 2725 simul
503 2661 542 2725 et
572 2650 755 2724 cellulati:
788 2673 836 2722 ex
865 2649 994 2744 quibus
1023 2653 1126 2744 prior,

14 2781 76 2846 est
104 2772 247 2865 spiritus
271 2771 433 2842 omnium
458 2791 649 2863 corporum
680 2769 977 2853 inanimatorum
1002 2792 1128 2841 secun-

14 2891 96 2974 dus,
123 2887 397 2983 vegetabilium
422 2888 561 2969 tertius,
592 2885 803 2958 animalium
815 2888 839 2976 t)
865 2911 929 2981 per
957 2886 1127 2981 plurimas

16 3006 206 3077 instantias
222 3004 449 3075 deductorias
466 3011 639 3096 tanquam
658 3004 725 3074 sub
742 3005 864 3077 oculos
881 3006 1035 3100 ponitur.

72 3120 246 3192 Similiter
268 3128 377 3212 patet,
397 3119 493 3212 quod
518 3118 720 3192 subtiliores
746 3130 898 3193 textura
917 3130 955 3193 et
970 3121 1129 3192 schema-

20 3237 120 3310 tismi
143 3259 261 3308 rerum
280 3235 381 3318 (licet
403 3243 482 3306 toto
506 3257 652 3326 corpore
669 3236 873 3319 visibilium,
891 3247 954 3307 aut
977 3236 1129 3331 tangibi-

19 3354 127 3445 lium)
158 3375 224 3423 nee
257 3360 459 3434 comantur,
489 3373 557 3421 neo
587 3358 789 3444 tangantur.
848 3352 968 3435 Quare
1002 3352 1039 3421 in
1073 3352 1128 3422 his

19 3491 165 3565 quoque
182 3491 246 3562 per
264 3468 518 3539 deductionem
538 3466 703 3561 procedit
722 3467 937 3538 informatio.
989 3465 1043 3537 At
1060 3466 1127 3537 dif-

19 3588 175 3660 ferentia
195 3585 526 3657 scbematismorum
550 3585 707 3656 maxime
730 3583 892 3655 radicalis
908 3593 946 3654 et
964 3584 1130 3676 primaria

19 3703 177 3777 sumitur
194 3725 241 3773 ex
253 3702 355 3796 copia
368 3700 425 3772 vel
442 3701 624 3794 paucitate
642 3701 903 3792 materiasque
919 3699 1015 3770 subit
1032 3698 1129 3770 idem

19 3823 180 3918 spatium
209 3820 283 3892 sive
312 3822 527 3891 dimensum.
585 3818 731 3911 Reliqui
762 3819 859 3891 enim
889 3819 1128 3890 schematismi

20 3937 100 4032 (qui
123 3937 328 4009 referuntur
349 3936 394 4007 ad
419 3935 714 4007 diuimilaritates
735 3937 902 4029 partium,
919 3958 997 4028 quae
1014 3935 1052 4007 in
1070 3958 1130 4006 eo-

19 4054 107 4126 dem
124 4076 271 4147 corpore
288 4054 529 4136 continentur,
548 4061 586 4124 et
612 4051 865 4124 collocationes
889 4075 931 4123 ac
955 4053 1129 4145 posituras

20 4170 232 4264 earundem)
250 4191 322 4262 proe
339 4168 400 4239 illo
418 4166 531 4239 altero
548 4177 633 4239 sunt
649 4169 857 4239 secundarii.

75 4284 134 4358 Sit
150 4286 272 4377 itaque
288 4292 417 4356 natura
439 4285 616 4377 inquisita,
639 4286 809 4378 expansio
834 4287 909 4357 sive
931 4286 1039 4357 coitio
1055 4308 1130 4356 ma·

20 4402 122 4475 teriae
147 4402 186 4471 in
211 4401 415 4495 corporibus
440 4401 658 4495 respective:
684 4400 752 4473 viz.
771 4409 947 4493 quantum
971 4401 1129 4471 materia·

24 4518 174 4615 impleat
199 4526 373 4610 quantum
401 4517 601 4589 dimensum
631 4516 669 4588 in
694 4516 853 4612 singulis.
906 4517 1051 4591 Etenim
1078 4514 1129 4586 nil
