2708 5226
124 538 190 602 254
450 531 626 598 NOVUM
650 531 899 596 ORGANUM.

125 707 246 781 tonus,
263 696 406 780 mobile,
423 698 499 769 sive
515 705 719 789 promptum
736 696 781 767 sd
799 703 954 767 motum.
1000 693 1060 766 At
1076 694 1226 788 plurime

125 815 355 885 inveniuntur
379 813 558 885 instantio
581 811 726 884 diuortii
750 813 847 882 inter
870 813 977 907 ipsas
1035 811 1116 884 A‘er
1140 813 1225 883 enim

125 930 244 1001 tennis
268 937 324 1000 est
345 938 385 1000 et
406 927 534 1000 habilis
556 929 601 999 ad
627 936 778 1009 motum,
795 951 869 999 non
894 928 1035 1001 calidus
1059 939 1126 1001 aut
1148 928 1226 1000 luci·

124 1047 214 1117 dus:
239 1044 325 1116 luna
348 1045 477 1126 lucida,
503 1045 637 1137 absque
661 1043 800 1116 calore:
826 1068 920 1138 equs
945 1046 1100 1130 fervens,
1120 1044 1225 1117 calids

125 1161 258 1253 absque
283 1158 440 1229 lumine:
474 1167 594 1229 motus
623 1180 708 1229 aeus
738 1159 859 1230 ferreae
888 1182 998 1254 super
1024 1161 1223 1240 somoriam,

124 1276 251 1369 pernix
280 1284 319 1346 et
352 1275 465 1369 egilis,
491 1283 676 1345 ettamen
703 1274 741 1344 in
767 1298 915 1369 corpore
940 1276 1084 1371 frigido,
1111 1275 1224 1358 denso,

125 1412 257 1485 opaco:
284 1399 322 1462 et
339 1390 522 1483 complura
537 1390 573 1460 id
590 1411 713 1485 genus.

177 1506 361 1589 Similiter,
382 1507 454 1577 sint
478 1513 614 1576 naturae
639 1506 815 1597 inquisito
840 1516 971 1579 ustura
999 1529 1169 1601 corporee
1190 1514 1224 1576 et

125 1623 219 1694 actio
239 1619 450 1694 nasumlisffl.
502 1619 660 1693 Videtur
682 1623 778 1693 enim
796 1645 866 1692 non
885 1623 1038 1694 inveniri
1055 1624 1148 1694 actio
1169 1645 1225 1693 ns·

126 1737 260 1823 turalis,
288 1740 355 1810 nisi
389 1740 583 1810 subsistens
616 1739 652 1809 in
686 1738 806 1831 aliquo
840 1760 999 1832 corpore.
1057 1738 1223 1810 Attamen

126 1855 237 1947 possit
262 1854 409 1925 fortasse
433 1877 509 1926 esso
531 1855 624 1926 circs
643 1854 735 1926 banc
760 1877 836 1926 rem
862 1853 1034 1926 instantia
1058 1853 1224 1928 nonnulla

126 1969 280 2042 divortii.
337 1970 391 2041 Ea
417 1981 472 2041 ost
501 1972 594 2042 actio
624 1973 836 2065 magnetica,
862 1995 928 2065 per
958 1995 1067 2064 quam
1098 1973 1222 2044 ferrum

126 2086 240 2158 fertur
263 2087 309 2157 ad
335 2094 549 2179 magnetem,
575 2087 695 2180 gmvia
719 2087 765 2157 ad
790 2086 941 2182 globum
966 2098 1081 2159 terrae.
1132 2088 1221 2159 Addi

125 2202 235 2274 etiam
265 2202 400 2296 possint
428 2202 505 2274 aliae
539 2201 718 2273 nonnullae
752 2205 975 2298 operationes
1009 2205 1055 2274 ad
1087 2203 1222 2274 distans

126 2315 235 2388 Actio
260 2318 435 2410 siquidem
461 2317 664 2410 hujusmodi
688 2328 726 2389 et
750 2320 786 2389 in
811 2327 972 2413 tempore
996 2319 1048 2403 lit,
1067 2343 1132 2413 per
1155 2341 1224 2388 mo·

125 2440 257 2513 menta,
276 2433 401 2503 nonin
419 2443 552 2525 puncto
575 2435 764 2527 temporis;
790 2443 828 2506 et
850 2436 888 2504 in
905 2434 997 2518 loco,
1014 2457 1081 2527 per
1100 2434 1222 2530 gradus

125 2554 165 2616 et
188 2549 312 2639 spatia.
366 2545 432 2618 Est
448 2550 568 2640 itaque
588 2548 729 2641 aliquod
748 2559 971 2620 momentum
994 2551 1174 2643 temporis,
1191 2558 1223 2619 et

125 2662 267 2755 aliquod
285 2663 512 2733 intervallum
530 2662 609 2744 looi,
628 2664 663 2734 in
682 2666 810 2756 quibus
826 2668 894 2735 ista
913 2666 1024 2735 virtus
1044 2667 1121 2735 sive
1138 2665 1222 2735 actio

125 2778 235 2849 haeret
265 2780 301 2846 in
330 2778 449 2848 medio
481 2779 574 2849 inter
604 2778 675 2849 duo
705 2779 766 2850 illa
795 2803 949 2873 corpora
982 2804 1061 2873 quae
1092 2791 1223 2851 motum

125 2895 231 2964 cient.
284 2894 482 2964 Reducitur
504 2896 625 2986 itaquo
648 2895 902 2988 contemplatio
924 2897 970 2967 ad
992 2896 1083 2980 hoc;
1110 2908 1223 2966 utrum

125 3006 187 3078 illa
216 3031 372 3100 corpora,
400 3033 478 3100 qum
508 3018 592 3079 sunt
623 3011 765 3080 termini
795 3019 923 3093 motus,
952 3012 1144 3103 disponant
1175 3009 1223 3081 vel

125 3122 279 3195 alterent
300 3148 445 3217 corpora
468 3125 595 3207 media,
614 3133 655 3194 ut
673 3147 735 3217 per
759 3128 1019 3197 successionem
1036 3137 1076 3198 et
1095 3137 1223 3198 tectum

161 3380 187 3421 ²⁸
204 3380 270 3435 This
282 3381 351 3435 isan
363 3381 484 3449 example
495 3379 526 3434 ol
535 3394 571 3434 no
583 3387 656 3448 great
696 3379 779 3435 erted.
824 3379 876 3433 We
900 3396 953 3444 are,
972 3380 1001 3434 in
1026 3381 1091 3446 sset,
1109 3382 1226 3453 ignonnt

124 3462 209 3515 vulne.
247 3460 362 3515 Bseon's
383 3476 432 3513 use
450 3458 480 3511 ol
498 3458 545 3512 the
562 3456 656 3511 Terms
697 3457 727 3511 ol
740 3457 786 3511 the
801 3458 855 3512 real
869 3458 928 3512 link
943 3458 1065 3514 between
1083 3478 1164 3515 omme
1180 3455 1226 3514 ond

129 3539 219 3593 Virtus
246 3538 300 3593 sud
323 3538 401 3592 Aetio
427 3538 450 3591 is
474 3554 537 3607 very
560 3554 655 3606 vegue.
697 3534 775 3590 effect
795 3536 823 3590 in
840 3535 960 3608 physiml
980 3539 1146 3607 operatione.
1181 3536 1226 3591 Yet

124 3617 182 3671 'lhe
203 3618 278 3688 point
299 3635 335 3671 on
353 3614 441 3671 which
459 3614 493 3670 be
516 3632 608 3669 means
628 3623 657 3669 to
697 3613 752 3668 thie
769 3615 896 3680 instance,
911 3614 976 3669 with
993 3616 1030 3671 its
1048 3617 1226 3678 illustratione,

125 3696 203 3750 insist
218 3697 240 3750 is
255 3696 312 3749 that
328 3695 403 3749 there
421 3703 495 3748 must
508 3694 542 3749 be
561 3711 595 3747 sn
611 3711 657 3747 ex·
698 3692 784 3747 shows
796 3693 854 3748 that
867 3693 957 3748 Bacon
971 3693 1025 3749 had
1041 3706 1091 3766 got
1102 3713 1177 3766 upon
1189 3693 1227 3748 the

126 3775 211 3829 ertion
230 3774 260 3828 ol
275 3773 347 3827 force
363 3772 451 3828 which
467 3773 490 3826 is
508 3771 611 3826 neither
629 3772 657 3826 in
698 3773 773 3826 trsclr
797 3772 827 3826 of
843 3771 889 3826 tho
912 3771 1027 3827 difficolt
1045 3776 1185 3845 questions
1204 3771 1229 3827 ol

125 3851 171 3905 the
192 3851 255 3905 lrcn
280 3869 330 3905 nor
350 3851 378 3905 in
399 3851 444 3904 the
467 3851 587 3921 Magnet,
608 3849 658 3905 but
698 3848 744 3904 the
773 3851 961 3906 transmission
994 3852 1026 3907 of
1058 3852 1226 3924 Magnetism,

125 3929 243 3984 between
256 3929 337 3994 both;
360 3928 413 3983 sud
427 3929 560 3992 thntthis,
577 3928 658 4000 being
700 3927 779 3992 Hcst,
805 3928 896 3999 Light,
920 3929 970 3985 dac.
1001 3930 1074 3987 from
1103 3931 1177 4002 body
1204 3939 1228 3983 to

126 4008 243 4079 sensibly
264 4008 465 4078 inappreciablc,
488 4008 511 4063 is
536 4008 657 4078 incorpo-
698 4007 780 4080 body,
788 4007 878 4062 whose
889 4008 1060 4078 phenomeus
1072 4028 1117 4065 are
1129 4019 1173 4082 yet
1183 4009 1227 4063 but

126 4087 187 4140 real.
206 4086 272 4141 This
286 4087 475 4142 conclusionis
488 4104 522 4141 an
535 4104 657 4157 ussump·
698 4086 992 4158 imperiectly,perhaps
999 4088 1227 4153 notatsllmnder·

125 4165 191 4229 tion,
217 4165 269 4219 and
299 4164 413 4236 perhaps
444 4174 492 4220 not
515 4183 532 4218 a
557 4175 657 4221 correct
699 4165 785 4220 stood.
823 4164 875 4220 His
891 4165 1013 4235 problem
1024 4166 1090 4222 here
1102 4169 1227 4223 is—must

126 4260 186 4297 one.
205 4243 238 4298 In
250 4243 284 4296 sll
296 4243 456 4314 probability
464 4243 510 4298 the
522 4245 657 4299 attractive
698 4245 734 4300 all
750 4244 900 4315 operatione
918 4245 948 4299 in
960 4245 1065 4301 Nature
1080 4247 1116 4303 be
1133 4245 1227 4304 carried

125 4322 196 4376 soree
213 4322 244 4376 of
255 4321 359 4393 gravity
372 4322 470 4389 (which
482 4322 657 4394 corresponde
698 4340 734 4377 on
753 4323 789 4395 by
807 4323 895 4378 action
915 4324 943 4377 in
965 4328 1105 4396 corporesl
1123 4326 1226 4388 hodiem

125 4409 153 4454 to
177 4401 209 4469 it)
233 4401 256 4455 is
281 4399 399 4470 physical
426 4399 479 4453 and
503 4402 656 4472 corporeal;
697 4419 729 4457 or
743 4420 787 4457 are
804 4412 938 4457 notsome
956 4402 1129 4476 thingsssike
1142 4405 1226 4477 ugus)

125 4476 229 4549 though
245 4496 283 4532 we
302 4496 362 4550 may
379 4487 427 4532 not
438 4477 471 4532 be
489 4479 547 4534 sble
565 4489 593 4535 to
611 4499 656 4535 ex·
697 4481 865 4537 transmitted
882 4480 1002 4552 through
1019 4501 1054 4538 sn
1069 4481 1226 4556 incorporal

125 4556 196 4625 plain
213 4558 314 4628 exactly
327 4556 398 4611 wbst
416 4558 437 4610 it
452 4556 474 4610 is
492 4575 523 4611 or
538 4557 599 4613 how
610 4577 656 4613 ex·
698 4559 835 4615 medium?
