2708 5226
660 598 712 663 xix

129 756 229 820 radios
245 757 443 843 excipiendos
458 759 578 824 sincera
592 770 624 824 et
639 761 733 847 polita
750 784 825 826 area
838 784 965 848 prorsus
980 765 1077 840 desit;
1101 767 1229 831 necessi-

128 876 172 929 tas
187 867 336 952 quaedam
350 866 507 945 incumbit,
522 879 559 934 ut
572 870 664 935 etiam
685 871 756 936 huie
776 872 822 936 rei
842 873 1011 938 remedium
1027 875 1228 961 quarendum

127 998 189 1041 osse
204 987 360 1063 putemus.

165 1091 268 1155 Idolo
288 1101 401 1166 autem,
424 1114 444 1156 a
466 1093 577 1179 quibus
595 1105 761 1181 occupatur
784 1097 884 1172 Mens,
901 1097 949 1161 vel
971 1097 1124 1163 odseititia
1145 1109 1226 1176 sunt,

125 1201 171 1265 vel
197 1200 317 1266 inuata.
361 1203 526 1269 Adscititia
540 1227 613 1269 vero
637 1206 854 1294 immigrarunt
873 1207 906 1271 in
925 1217 1044 1272 mentes
1058 1208 1225 1286 hominum,

124 1313 169 1377 vel
185 1335 226 1378 ex
243 1312 502 1400 Philosophorum
517 1315 636 1401 placitis
654 1326 686 1380 et
703 1316 802 1391 sectis,
818 1317 867 1381 vel
882 1340 920 1381 ex
937 1317 1090 1402 perversis
1105 1319 1226 1405 legibus

122 1424 428 1489 demonstrationum.
474 1426 518 1490 At
539 1425 645 1490 innata
667 1427 820 1491 iuhaerent
837 1436 958 1492 naturas
976 1427 1070 1514 ipsius
1090 1428 1225 1493 intellec-

121 1546 179 1611 tus,
195 1535 252 1622 qui
271 1536 313 1601 ad
332 1558 471 1600 errorem
491 1535 582 1622 louge
602 1535 765 1621 proclivior
781 1557 847 1600 esse
861 1535 1115 1622 deprehenditur,
1131 1559 1223 1624 quam

120 1669 235 1712 seusus
284 1648 450 1735 Utcunque
473 1647 554 1711 euim
577 1647 716 1711 homines
738 1648 796 1712 sibi
819 1648 969 1733 placeant,
985 1659 1017 1713 et
1036 1648 1068 1713 in
1090 1649 1225 1716 admira-

119 1755 235 1822 tionem
251 1758 362 1823 mentis
376 1759 520 1825 humanae
539 1783 576 1825 ac
595 1761 661 1825 lere
680 1760 892 1825 adorationem
907 1770 1009 1836 ruant,
1025 1761 1101 1826 illud
1116 1762 1222 1827 certis·

118 1869 228 1935 simum
249 1872 419 1937 est-sicut
438 1874 594 1959 speculum
613 1873 766 1959 inaequale
779 1896 885 1938 rerum
899 1872 1003 1937 radios
1018 1895 1057 1937 ex
1072 1873 1174 1961 ligura
1188 1883 1221 1938 et

117 1981 255 2046 sectione
278 1982 406 2068 propria
430 1984 581 2060 immutat,
606 1985 650 2049 ita
675 1995 708 2050 et
732 1994 877 2060 mentem,
903 2007 973 2048 cum
997 2006 1018 2048 a
1042 1986 1136 2049 rebus
1161 2006 1219 2070 per

115 2111 240 2153 sensum
258 2090 385 2176 patitur,
396 2091 428 2154 in
439 2092 612 2156 notionibus
626 2094 688 2157 suis
701 2093 900 2178 expediendis
912 2105 944 2159 et
958 2094 1219 2159 comminiscendis

115 2201 199 2266 haud
215 2200 335 2287 optima
348 2201 409 2266 lide
428 2225 532 2267 rerum
553 2214 673 2268 naturae
693 2226 781 2267 suum
802 2214 944 2269 naturam
964 2205 1100 2270 inserere
1116 2216 1148 2270 et
1162 2205 1218 2270 im·

115 2313 254 2379 miscere.

154 2425 268 2510 Atque
283 2425 389 2511 priora
404 2425 455 2490 illa
470 2427 531 2491 duo
546 2427 713 2490 [dolorum
728 2447 845 2513 genera
859 2448 953 2514 aegre,
970 2435 1126 2511 postrema
1141 2447 1215 2492 vero

113 2536 179 2601 haec
194 2536 386 2601 nullomodo
402 2537 490 2601 evelli
506 2546 641 2623 possunt.
688 2537 725 2600 ld
741 2546 861 2601 tantum
878 2537 1072 2622 relinquitur,
1089 2547 1124 2602 ut
1138 2538 1216 2602 iudi-

112 2656 241 2724 centem
264 2658 359 2733 atque
379 2646 474 2712 utris
495 2647 555 2712 ista
576 2647 687 2712 mentis
709 2647 883 2712 insidiatrix
905 2658 1030 2713 notetur
1044 2658 1077 2713 et
1092 2649 1215 2713 convin-

112 2768 210 2834 catur,
226 2780 267 2822 ue
289 2758 370 2824 sorte
391 2782 411 2823 a
434 2759 641 2824 destructione
661 2770 799 2825 veterum
824 2759 895 2823 novi
920 2759 1049 2824 subinde
1071 2783 1212 2824 errorum

111 2868 226 2933 surculi
248 2891 288 2933 ex
311 2868 378 2955 ipsa
401 2870 481 2935 mala
502 2871 711 2957 complexione
731 2871 842 2935 mentis
856 2871 1025 2957 pullulent;
1050 2893 1147 2956 coque
1162 2893 1213 2936 res

111 2970 241 3055 recidat,
256 2989 293 3044 ut
307 3002 430 3044 errores
447 3004 509 3045 non
526 2982 759 3069 extinguantur,
775 2981 830 3045 sed
844 2991 1078 3067 permutentur:
1104 3004 1210 3047 verum

109 3099 262 3165 econtra,
278 3090 403 3155 utillud
418 3091 542 3156 taudem
557 3092 589 3156 in
604 3102 754 3157 aternum
774 3103 876 3157 ratum
892 3103 925 3157 et
939 3092 1034 3156 fixum
1049 3091 1099 3166 sit,
1117 3092 1212 3158 Intel-

108 3201 222 3266 lectum
246 3200 304 3265 uisi
325 3224 382 3286 per
400 3201 621 3279 Inductionem,
637 3205 764 3290 ejusque
785 3204 915 3268 formam
939 3201 1116 3289 legitimam,
1127 3202 1211 3286 judi-

107 3335 180 3379 care
195 3336 259 3378 nou
273 3335 370 3400 posse.
416 3315 526 3401 ltaque
540 3315 681 3380 doctriua
697 3313 758 3378 ista
777 3314 816 3378 de
836 3311 1061 3399 expurgatione
1075 3311 1210 3377 intellec-

107 3437 166 3502 tus,
194 3437 231 3490 ut
256 3423 322 3512 ipse
348 3427 388 3490 ad
414 3427 575 3492 veritatem
602 3426 713 3491 habilis
738 3426 788 3498 sit,
814 3426 913 3489 tribus
938 3423 1209 3511 redargutionibus

104 3539 297 3604 absolvitur:
336 3537 557 3627 redargutione
587 3536 864 3622 Philosophiarum,
895 3532 1116 3621 redargutione
1145 3535 1209 3598 De-

104 3650 373 3726 monstrationum,
389 3662 421 3716 et
434 3649 655 3737 redargutione
670 3647 812 3712 Rationis
826 3647 970 3709 humauae
985 3643 1106 3709 nativo).
1149 3643 1208 3708 His

103 3785 179 3826 vero
195 3761 365 3847 explicatis,
381 3784 417 3826 ac
435 3773 597 3848 postquam
621 3761 743 3825 demum
766 3758 912 3846 patuerit,
927 3756 1003 3844 quid
1024 3778 1130 3822 rerum
1152 3778 1206 3822 uu-

102 3882 185 3946 tura‚
209 3871 286 3956 quid
311 3872 422 3936 mentis
447 3882 561 3937 natura
585 3872 690 3945 lerat;
723 3869 932 3934 existimamus
955 3893 1010 3934 nos
1035 3870 1204 3936 thalamum

103 3983 221 4052 Mentis
246 3994 278 4048 et
301 3983 455 4059 Universi,
479 3983 620 4070 pronuba
643 3979 746 4045 divina
769 3981 917 4056 bonitate,
932 3981 1076 4046 stravisse
1100 3990 1133 4045 ot
1156 4003 1205 4044 or·

103 4119 200 4160 name.
247 4094 447 4180 Epithalamii
466 4102 570 4157 autem
586 4101 689 4156 votum
704 4091 753 4166 sit,
770 4101 805 4155 ut
819 4113 858 4155 ex
873 4113 909 4155 eo
924 4091 1075 4155 connubio
1090 4090 1204 4155 auxilia

103 4206 246 4279 humana,
272 4213 305 4269 et
330 4204 423 4289 stirps
448 4204 651 4276 inventorum,
677 4224 746 4287 qum
773 4201 970 4266 necessitates
999 4224 1034 4265 ac
1064 4200 1203 4264 miserias

103 4317 258 4383 hominum
274 4316 378 4399 aliqua
393 4338 430 4378 ox
448 4324 537 4400 parte
552 4315 678 4378 doment
692 4323 724 4377 ot
739 4313 893 4400 subigant.
910 4311 1102 4397 srmcipia-tur.

351 4453 427 4516 Haec
442 4475 516 4518 vcro
532 4462 579 4516 ost
595 4449 706 4535 Operis
720 4471 793 4534 pars
808 4450 950 4513 secunda.
