<?xml version="1.0" encoding="UTF-8"?>
<!DOCTYPE html PUBLIC "-//W3C//DTD XHTML 1.0 Transitional//EN"
    "http://www.w3.org/TR/xhtml1/DTD/xhtml1-transitional.dtd">
<html xmlns="http://www.w3.org/1999/xhtml" xml:lang="en" lang="en">
 <head>
  <title>
</title>
<meta http-equiv="Content-Type" content="text/html;charset=utf-8" />
  <meta name='ocr-system' content='tesseract 3.04.00' />
  <meta name='ocr-capabilities' content='ocr_page ocr_carea ocr_par ocr_line ocrx_word'/>
</head>
<body>
  <div class='ocr_page' id='page_1' title='image "./franciscibaconi00kitcgoog_0241.png"; bbox 0 0 2708 5226; ppageno 0'>
   <div class='ocr_carea' id='block_1_1' title="bbox 410 9 1346 459">
    <p class='ocr_par' dir='ltr' id='par_1_1' title="bbox 410 9 1346 483">
     <span class='ocr_line' id='line_1_1' title="bbox 410 9 1346 459; baseline 0.001 23"><span class='ocrx_word' id='word_1_1' title='bbox 410 9 1346 459; x_wconf 75' lang='grc'>-</span> 
     </span>
    </p>
   </div>
   <div class='ocr_carea' id='block_1_2' title="bbox 219 551 998 623">
    <p class='ocr_par' dir='ltr' id='par_1_2' title="bbox 219 551 998 623">
     <span class='ocr_line' id='line_1_2' title="bbox 219 551 998 623; baseline -0.008 0"><span class='ocrx_word' id='word_1_2' title='bbox 219 558 286 623; x_wconf 73' lang='lat' dir='ltr'><strong>sto</strong></span> <span class='ocrx_word' id='word_1_3' title='bbox 552 553 726 621; x_wconf 88' lang='lat' dir='ltr'><strong>NOVUM</strong></span> <span class='ocrx_word' id='word_1_4' title='bbox 749 551 998 621; x_wconf 82' lang='lat' dir='ltr'>OBGANUM.</span> 
     </span>
    </p>
   </div>
   <div class='ocr_carea' id='block_1_3' title="bbox 205 717 1311 4194">
    <p class='ocr_par' dir='ltr' id='par_1_3' title="bbox 205 717 1311 4194">
     <span class='ocr_line' id='line_1_3' title="bbox 221 717 1302 817; baseline -0.004 -22"><span class='ocrx_word' id='word_1_5' title='bbox 221 723 345 817; x_wconf 82' lang='lat' dir='ltr'>Atque</span> <span class='ocrx_word' id='word_1_6' title='bbox 369 744 416 793; x_wconf 86' lang='lat' dir='ltr'><strong>ex</strong></span> <span class='ocrx_word' id='word_1_7' title='bbox 443 722 513 793; x_wconf 85' lang='lat' dir='ltr'><strong>isto</strong></span> <span class='ocrx_word' id='word_1_8' title='bbox 537 717 714 815; x_wconf 72' lang='lat' dir='ltr'><strong>manipulo</strong></span> <span class='ocrx_word' id='word_1_9' title='bbox 740 720 850 791; x_wconf 89' lang='lat' dir='ltr'><strong>trium</strong></span> <span class='ocrx_word' id='word_1_10' title='bbox 876 719 1140 805; x_wconf 76' lang='lat' dir='ltr'><strong>instantiarum,</strong></span> <span class='ocrx_word' id='word_1_11' title='bbox 1161 719 1302 791; x_wconf 73' lang='lat' dir='ltr'><strong>videficet</strong></span> 
     </span>
     <span class='ocr_line' id='line_1_4' title="bbox 221 835 1304 924; baseline -0.004 -12"><span class='ocrx_word' id='word_1_12' title='bbox 221 841 365 924; x_wconf 84' lang='lat' dir='ltr'><strong>ordinis,</strong></span> <span class='ocrx_word' id='word_1_13' title='bbox 384 836 542 909; x_wconf 85' lang='lat' dir='ltr'><strong>iocorum</strong></span> <span class='ocrx_word' id='word_1_14' title='bbox 562 835 755 911; x_wconf 84' lang='lat' dir='ltr'><strong>artificialis</strong></span> <span class='ocrx_word' id='word_1_15' title='bbox 778 837 974 921; x_wconf 83' lang='lat' dir='ltr'><strong>memorire,</strong></span> <span class='ocrx_word' id='word_1_16' title='bbox 991 845 1031 909; x_wconf 85' lang='lat' dir='ltr'><strong>et</strong></span> <span class='ocrx_word' id='word_1_17' title='bbox 1047 859 1225 921; x_wconf 86' lang='lat' dir='ltr'><strong>versuum,</strong></span> <span class='ocrx_word' id='word_1_18' title='bbox 1240 859 1304 908; x_wconf 89' lang='lat' dir='ltr'><strong>oon·</strong></span> 
     </span>
     <span class='ocr_line' id='line_1_5' title="bbox 219 952 1306 1048; baseline -0.006 -18"><span class='ocrx_word' id='word_1_19' title='bbox 219 958 382 1030; x_wconf 80' lang='lat' dir='ltr'><strong>stituitur</strong></span> <span class='ocrx_word' id='word_1_20' title='bbox 411 955 546 1048; x_wconf 85' lang='lat' dir='ltr'><strong>speeies</strong></span> <span class='ocrx_word' id='word_1_21' title='bbox 578 976 651 1025; x_wconf 83' lang='lat' dir='ltr'><strong>una</strong></span> <span class='ocrx_word' id='word_1_22' title='bbox 677 952 800 1025; x_wconf 81' lang='lat' dir='ltr'><strong>auxilii</strong></span> <span class='ocrx_word' id='word_1_23' title='bbox 833 954 880 1025; x_wconf 90' lang='lat' dir='ltr'><strong>ad</strong></span> <span class='ocrx_word' id='word_1_24' title='bbox 908 953 1133 1027; x_wconf 84' lang='lat' dir='ltr'><strong>memoriam.</strong></span> <span class='ocrx_word' id='word_1_25' title='bbox 1184 952 1306 1046; x_wconf 81' lang='lat' dir='ltr'><strong>Specie</strong></span> 
     </span>
     <span class='ocr_line' id='line_1_6' title="bbox 218 1066 1306 1164; baseline -0.006 -17"><span class='ocrx_word' id='word_1_26' title='bbox 218 1082 341 1147; x_wconf 79' lang='lat' dir='ltr'><strong>eutem</strong></span> <span class='ocrx_word' id='word_1_27' title='bbox 366 1071 436 1155; x_wconf 79' lang='lat' dir='ltr'><strong>illa,</strong></span> <span class='ocrx_word' id='word_1_28' title='bbox 454 1068 617 1143; x_wconf 70' lang='lat' dir='ltr'><strong><em>abscissio</em></strong></span> <span class='ocrx_word' id='word_1_29' title='bbox 640 1066 772 1164; x_wconf 76' lang='lat' dir='ltr'><strong>infiniti</strong></span> <span class='ocrx_word' id='word_1_30' title='bbox 794 1078 892 1142; x_wconf 88' lang='lat' dir='ltr'><strong>recte</strong></span> <span class='ocrx_word' id='word_1_31' title='bbox 916 1071 1036 1142; x_wconf 84' lang='lat' dir='ltr'><strong>vocari</strong></span> <span class='ocrx_word' id='word_1_32' title='bbox 1061 1071 1185 1164; x_wconf 81' lang='lat' dir='ltr'><strong>possit</strong></span> <span class='ocrx_word' id='word_1_33' title='bbox 1233 1068 1306 1141; x_wconf 73' lang='lat' dir='ltr'><strong>(iun</strong></span> 
     </span>
     <span class='ocr_line' id='line_1_7' title="bbox 218 1186 1307 1281; baseline -0.005 -19"><span class='ocrx_word' id='word_1_34' title='bbox 218 1191 314 1262; x_wconf 89' lang='lat' dir='ltr'><strong>enirn</strong></span> <span class='ocrx_word' id='word_1_35' title='bbox 331 1189 411 1281; x_wconf 88' lang='lat' dir='ltr'><strong>quis</strong></span> <span class='ocrx_word' id='word_1_36' title='bbox 427 1187 562 1279; x_wconf 79' lang='lat' dir='ltr'><strong>aliquid</strong></span> <span class='ocrx_word' id='word_1_37' title='bbox 579 1186 755 1257; x_wconf 78' lang='lat' dir='ltr'><strong>reminisci</strong></span> <span class='ocrx_word' id='word_1_38' title='bbox 778 1193 844 1257; x_wconf 86' lang='lat' dir='ltr'><strong>aut</strong></span> <span class='ocrx_word' id='word_1_39' title='bbox 866 1208 1034 1258; x_wconf 82' lang='lat' dir='ltr'><strong>revocare</strong></span> <span class='ocrx_word' id='word_1_40' title='bbox 1059 1187 1098 1259; x_wconf 89' lang='lat' dir='ltr'><strong>in</strong></span> <span class='ocrx_word' id='word_1_41' title='bbox 1117 1187 1307 1259; x_wconf 74' lang='lat' dir='ltr'><strong>memoriam</strong></span> 
     </span>
     <span class='ocr_line' id='line_1_8' title="bbox 217 1301 1307 1398; baseline -0.004 -21"><span class='ocrx_word' id='word_1_42' title='bbox 217 1307 367 1387; x_wconf 84' lang='lat' dir='ltr'><strong>nititur3</strong></span> <span class='ocrx_word' id='word_1_43' title='bbox 393 1304 423 1376; x_wconf 87' lang='lat' dir='ltr'><strong>si</strong></span> <span class='ocrx_word' id='word_1_44' title='bbox 448 1301 584 1375; x_wconf 90' lang='lat' dir='ltr'><strong>nullam</strong></span> <span class='ocrx_word' id='word_1_45' title='bbox 610 1303 864 1395; x_wconf 80' lang='lat' dir='ltr'><strong>prenotionem</strong></span> <span class='ocrx_word' id='word_1_46' title='bbox 887 1301 1020 1374; x_wconf 82' lang='lat' dir='ltr'><strong>habeat</strong></span> <span class='ocrx_word' id='word_1_47' title='bbox 1043 1311 1110 1375; x_wconf 77' lang='lat' dir='ltr'><strong>eut</strong></span> <span class='ocrx_word' id='word_1_48' title='bbox 1131 1304 1307 1398; x_wconf 83' lang='lat' dir='ltr'><strong>perceptio</strong></span> 
     </span>
     <span class='ocr_line' id='line_1_9' title="bbox 216 1418 1307 1514; baseline -0.005 -20"><span class='ocrx_word' id='word_1_49' title='bbox 216 1447 302 1494; x_wconf 89' lang='lat' dir='ltr'><strong>nem</strong></span> <span class='ocrx_word' id='word_1_50' title='bbox 327 1423 404 1514; x_wconf 84' lang='lat' dir='ltr'><strong>ejus</strong></span> <span class='ocrx_word' id='word_1_51' title='bbox 428 1420 524 1513; x_wconf 90' lang='lat' dir='ltr'><strong>quod</strong></span> <span class='ocrx_word' id='word_1_52' title='bbox 550 1419 687 1512; x_wconf 77' lang='lat' dir='ltr'><strong>querit</strong></span> <span class='ocrx_word' id='word_1_53' title='bbox 703 1420 830 1511; x_wconf 86' lang='lat' dir='ltr'><strong>quaerit</strong></span> <span class='ocrx_word' id='word_1_54' title='bbox 845 1428 945 1491; x_wconf 84' lang='lat' dir='ltr'><strong>certe</strong></span> <span class='ocrx_word' id='word_1_55' title='bbox 966 1427 1006 1491; x_wconf 87' lang='lat' dir='ltr'><strong>et</strong></span> <span class='ocrx_word' id='word_1_56' title='bbox 1028 1419 1242 1503; x_wconf 67' lang='lat' dir='ltr'><strong>melitensi</strong></span> <span class='ocrx_word' id='word_1_57' title='bbox 1257 1418 1307 1489; x_wconf 85' lang='lat' dir='ltr'><strong>har</strong></span> 
     </span>
     <span class='ocr_line' id='line_1_10' title="bbox 217 1535 1307 1629; baseline -0.003 -17"><span class='ocrx_word' id='word_1_58' title='bbox 217 1539 300 1612; x_wconf 77' lang='lat' dir='ltr'><strong>illac</strong></span> <span class='ocrx_word' id='word_1_59' title='bbox 327 1538 501 1620; x_wconf 87' lang='lat' dir='ltr'><strong>discurrit,</strong></span> <span class='ocrx_word' id='word_1_60' title='bbox 529 1545 700 1629; x_wconf 83' lang='lat' dir='ltr'><strong>tanquam</strong></span> <span class='ocrx_word' id='word_1_61' title='bbox 730 1537 769 1606; x_wconf 89' lang='lat' dir='ltr'><strong>in</strong></span> <span class='ocrx_word' id='word_1_62' title='bbox 794 1535 945 1607; x_wconf 85' lang='lat' dir='ltr'><strong>infinito.</strong></span> <span class='ocrx_word' id='word_1_63' title='bbox 996 1535 1107 1620; x_wconf 84' lang='lat' dir='ltr'><strong>Quod</strong></span> <span class='ocrx_word' id='word_1_64' title='bbox 1137 1538 1169 1609; x_wconf 84' lang='lat' dir='ltr'><strong>si</strong></span> <span class='ocrx_word' id='word_1_65' title='bbox 1194 1545 1307 1609; x_wconf 73' lang='lat' dir='ltr'><strong>certcn</strong></span> 
     </span>
     <span class='ocr_line' id='line_1_11' title="bbox 215 1651 1308 1749; baseline -0.005 -21"><span class='ocrx_word' id='word_1_66' title='bbox 215 1656 372 1748; x_wconf 85' lang='lat' dir='ltr'><strong>aliquam</strong></span> <span class='ocrx_word' id='word_1_67' title='bbox 397 1654 651 1749; x_wconf 71' lang='lat' dir='ltr'><strong>praenotionem</strong></span> <span class='ocrx_word' id='word_1_68' title='bbox 677 1651 818 1736; x_wconf 79' lang='lat' dir='ltr'><strong>habeat,</strong></span> <span class='ocrx_word' id='word_1_69' title='bbox 844 1653 966 1723; x_wconf 83' lang='lat' dir='ltr'><strong>statim</strong></span> <span class='ocrx_word' id='word_1_70' title='bbox 992 1653 1217 1725; x_wconf 84' lang='lat' dir='ltr'><strong>abscinditur</strong></span> <span class='ocrx_word' id='word_1_71' title='bbox 1246 1652 1308 1724; x_wconf 74' lang='lat' dir='ltr'><strong>ini</strong></span> 
     </span>
     <span class='ocr_line' id='line_1_12' title="bbox 217 1768 1306 1863; baseline -0.001 -21"><span class='ocrx_word' id='word_1_72' title='bbox 217 1773 347 1855; x_wconf 88' lang='lat' dir='ltr'><strong>nitnm,</strong></span> <span class='ocrx_word' id='word_1_73' title='bbox 365 1780 405 1843; x_wconf 92' lang='lat' dir='ltr'><strong>et</strong></span> <span class='ocrx_word' id='word_1_74' title='bbox 427 1770 469 1841; x_wconf 86' lang='lat' dir='ltr'><strong>iit</strong></span> <span class='ocrx_word' id='word_1_75' title='bbox 496 1770 673 1842; x_wconf 79' lang='lat' dir='ltr'><strong>discursus</strong></span> <span class='ocrx_word' id='word_1_76' title='bbox 695 1768 875 1840; x_wconf 77' lang='lat' dir='ltr'><strong>memoriae</strong></span> <span class='ocrx_word' id='word_1_77' title='bbox 897 1771 1012 1863; x_wconf 81' lang='lat' dir='ltr'><strong>magis</strong></span> <span class='ocrx_word' id='word_1_78' title='bbox 1036 1771 1078 1841; x_wconf 93' lang='lat' dir='ltr'><strong>in</strong></span> <span class='ocrx_word' id='word_1_79' title='bbox 1102 1771 1232 1843; x_wconf 87' lang='lat' dir='ltr'><strong>vicino.</strong></span> <span class='ocrx_word' id='word_1_80' title='bbox 1275 1769 1306 1841; x_wconf 87' lang='lat' dir='ltr'><strong>In</strong></span> 
     </span>
     <span class='ocr_line' id='line_1_13' title="bbox 216 1886 1306 1978; baseline 0.002 -19"><span class='ocrx_word' id='word_1_81' title='bbox 216 1888 331 1959; x_wconf 88' lang='lat' dir='ltr'><strong>tribus</strong></span> <span class='ocrx_word' id='word_1_82' title='bbox 357 1896 478 1959; x_wconf 87' lang='lat' dir='ltr'><strong>autern</strong></span> <span class='ocrx_word' id='word_1_83' title='bbox 505 1887 576 1958; x_wconf 87' lang='lat' dir='ltr'><strong>illis</strong></span> <span class='ocrx_word' id='word_1_84' title='bbox 604 1886 793 1969; x_wconf 72' lang='lat' dir='ltr'><strong>instantiis,</strong></span> <span class='ocrx_word' id='word_1_85' title='bbox 809 1907 888 1978; x_wconf 80' lang='lat' dir='ltr'><strong>qne</strong></span> <span class='ocrx_word' id='word_1_86' title='bbox 914 1886 1080 1978; x_wconf 84' lang='lat' dir='ltr'><strong>superins</strong></span> <span class='ocrx_word' id='word_1_87' title='bbox 1103 1887 1211 1960; x_wconf 76' lang='lat' dir='ltr'><strong>dictu</strong></span> <span class='ocrx_word' id='word_1_88' title='bbox 1232 1895 1306 1968; x_wconf 83' lang='lat' dir='ltr'><strong>sunt</strong></span> 
     </span>
     <span class='ocr_line' id='line_1_14' title="bbox 215 2000 1306 2098; baseline 0.001 -24"><span class='ocrx_word' id='word_1_89' title='bbox 215 2003 386 2098; x_wconf 74' lang='lat' dir='ltr'><strong>praenotio</strong></span> <span class='ocrx_word' id='word_1_90' title='bbox 414 2004 599 2097; x_wconf 76' lang='lat' dir='ltr'><strong>perspicuo</strong></span> <span class='ocrx_word' id='word_1_91' title='bbox 627 2011 682 2075; x_wconf 88' lang='lat' dir='ltr'><strong>est</strong></span> <span class='ocrx_word' id='word_1_92' title='bbox 711 2010 751 2074; x_wconf 87' lang='lat' dir='ltr'><strong>et</strong></span> <span class='ocrx_word' id='word_1_93' title='bbox 780 2011 888 2075; x_wconf 81' lang='lat' dir='ltr'><strong>certa.</strong></span> <span class='ocrx_word' id='word_1_94' title='bbox 940 2000 986 2073; x_wconf 94' lang='lat' dir='ltr'><strong>In</strong></span> <span class='ocrx_word' id='word_1_95' title='bbox 1014 2004 1135 2096; x_wconf 73' lang='lat' dir='ltr'><strong>prima</strong></span> <span class='ocrx_word' id='word_1_96' title='bbox 1161 2003 1306 2076; x_wconf 84' lang='lat' dir='ltr'><strong>videlieet</strong></span> 
     </span>
     <span class='ocr_line' id='line_1_15' title="bbox 215 2119 1305 2214; baseline -0.001 -22"><span class='ocrx_word' id='word_1_97' title='bbox 215 2121 325 2193; x_wconf 88' lang='lat' dir='ltr'><strong>debet</strong></span> <span class='ocrx_word' id='word_1_98' title='bbox 360 2142 437 2193; x_wconf 83' lang='lat' dir='ltr'><strong>esse</strong></span> <span class='ocrx_word' id='word_1_99' title='bbox 470 2119 615 2213; x_wconf 75' lang='lat' dir='ltr'><strong>aliquid,</strong></span> <span class='ocrx_word' id='word_1_100' title='bbox 645 2120 743 2214; x_wconf 76' lang='lat' dir='ltr'><strong>quod</strong></span> <span class='ocrx_word' id='word_1_101' title='bbox 775 2128 948 2213; x_wconf 82' lang='lat' dir='ltr'><strong>congruat</strong></span> <span class='ocrx_word' id='word_1_102' title='bbox 980 2140 1068 2191; x_wconf 86' lang='lat' dir='ltr'><strong>cnm</strong></span> <span class='ocrx_word' id='word_1_103' title='bbox 1101 2121 1247 2193; x_wconf 84' lang='lat' dir='ltr'><strong>ordine:</strong></span> <span class='ocrx_word' id='word_1_104' title='bbox 1277 2122 1305 2191; x_wconf 92' lang='lat' dir='ltr'><strong>in</strong></span> 
     </span>
     <span class='ocr_line' id='line_1_16' title="bbox 214 2234 1305 2331; baseline -0.002 -20"><span class='ocrx_word' id='word_1_105' title='bbox 214 2237 371 2312; x_wconf 85' lang='lat' dir='ltr'><strong>secunda</strong></span> <span class='ocrx_word' id='word_1_106' title='bbox 400 2236 508 2309; x_wconf 88' lang='lat' dir='ltr'><strong>debet</strong></span> <span class='ocrx_word' id='word_1_107' title='bbox 538 2259 616 2308; x_wconf 84' lang='lat' dir='ltr'><strong>esse</strong></span> <span class='ocrx_word' id='word_1_108' title='bbox 649 2238 777 2331; x_wconf 75' lang='lat' dir='ltr'><strong>imago,</strong></span> <span class='ocrx_word' id='word_1_109' title='bbox 809 2258 889 2328; x_wconf 82' lang='lat' dir='ltr'><strong>quae</strong></span> <span class='ocrx_word' id='word_1_110' title='bbox 921 2234 1139 2309; x_wconf 67' lang='lat' dir='ltr'><strong>relationem</strong></span> <span class='ocrx_word' id='word_1_111' title='bbox 1170 2237 1305 2331; x_wconf 74' lang='lat' dir='ltr'><strong>aliquan</strong></span> 
     </span>
     <span class='ocr_line' id='line_1_17' title="bbox 215 2352 1305 2438; baseline 0.002 -11"><span class='ocrx_word' id='word_1_112' title='bbox 215 2355 357 2438; x_wconf 83' lang='lat' dir='ltr'><strong>habeat,</strong></span> <span class='ocrx_word' id='word_1_113' title='bbox 374 2355 451 2427; x_wconf 82' lang='lat' dir='ltr'><strong>sire</strong></span> <span class='ocrx_word' id='word_1_114' title='bbox 466 2354 752 2426; x_wconf 86' lang='lat' dir='ltr'><strong>convenientiam</strong></span> <span class='ocrx_word' id='word_1_115' title='bbox 772 2354 816 2427; x_wconf 87' lang='lat' dir='ltr'><strong>ad</strong></span> <span class='ocrx_word' id='word_1_116' title='bbox 841 2352 904 2426; x_wconf 82' lang='lat' dir='ltr'><strong>illa</strong></span> <span class='ocrx_word' id='word_1_117' title='bbox 920 2353 1001 2426; x_wconf 82' lang='lat' dir='ltr'><strong>loca</strong></span> <span class='ocrx_word' id='word_1_118' title='bbox 1015 2364 1137 2428; x_wconf 86' lang='lat' dir='ltr'><strong>certa:</strong></span> <span class='ocrx_word' id='word_1_119' title='bbox 1163 2358 1202 2429; x_wconf 92' lang='lat' dir='ltr'><strong>in</strong></span> <span class='ocrx_word' id='word_1_120' title='bbox 1218 2355 1305 2428; x_wconf 72' lang='lat' dir='ltr'><strong>tart</strong></span> 
     </span>
     <span class='ocr_line' id='line_1_18' title="bbox 215 2469 1306 2565; baseline -0.001 -24"><span class='ocrx_word' id='word_1_121' title='bbox 215 2470 349 2543; x_wconf 88' lang='lat' dir='ltr'><strong>debent</strong></span> <span class='ocrx_word' id='word_1_122' title='bbox 376 2493 453 2542; x_wconf 87' lang='lat' dir='ltr'><strong>esse</strong></span> <span class='ocrx_word' id='word_1_123' title='bbox 470 2470 588 2555; x_wconf 88' lang='lat' dir='ltr'><strong>verba,</strong></span> <span class='ocrx_word' id='word_1_124' title='bbox 608 2493 685 2562; x_wconf 83' lang='lat' dir='ltr'><strong>qnae</strong></span> <span class='ocrx_word' id='word_1_125' title='bbox 713 2469 841 2540; x_wconf 83' lang='lat' dir='ltr'><strong>cadant</strong></span> <span class='ocrx_word' id='word_1_126' title='bbox 866 2472 1076 2542; x_wconf 88' lang='lat' dir='ltr'><strong>inversum.</strong></span> <span class='ocrx_word' id='word_1_127' title='bbox 1130 2470 1253 2565; x_wconf 86' lang='lat' dir='ltr'><strong>Atque</strong></span> <span class='ocrx_word' id='word_1_128' title='bbox 1267 2472 1306 2541; x_wconf 80' lang='lat' dir='ltr'><strong>itt</strong></span> 
     </span>
     <span class='ocr_line' id='line_1_19' title="bbox 214 2584 1305 2679; baseline -0.002 -20"><span class='ocrx_word' id='word_1_129' title='bbox 214 2587 433 2659; x_wconf 78' lang='lat' dir='ltr'><strong>abscinditur</strong></span> <span class='ocrx_word' id='word_1_130' title='bbox 460 2585 651 2656; x_wconf 89' lang='lat' dir='ltr'><strong>infinitum.</strong></span> <span class='ocrx_word' id='word_1_131' title='bbox 704 2585 760 2679; x_wconf 75' lang='lat'><strong>(2)</strong></span> <span class='ocrx_word' id='word_1_132' title='bbox 784 2584 875 2656; x_wconf 84' lang='lat' dir='ltr'><strong>Alise</strong></span> <span class='ocrx_word' id='word_1_133' title='bbox 902 2596 1025 2658; x_wconf 89' lang='lat' dir='ltr'><strong>nutem</strong></span> <span class='ocrx_word' id='word_1_134' title='bbox 1054 2588 1236 2659; x_wconf 75' lang='lat' dir='ltr'><strong>instantiae</strong></span> <span class='ocrx_word' id='word_1_135' title='bbox 1258 2587 1305 2657; x_wconf 82' lang='lat' dir='ltr'><strong>de·</strong></span> 
     </span>
     <span class='ocr_line' id='line_1_20' title="bbox 214 2702 1305 2795; baseline 0.004 -22"><span class='ocrx_word' id='word_1_136' title='bbox 214 2704 305 2773; x_wconf 89' lang='lat' dir='ltr'><strong>bunt</strong></span> <span class='ocrx_word' id='word_1_137' title='bbox 322 2703 414 2774; x_wconf 82' lang='lat' dir='ltr'><strong>harro</strong></span> <span class='ocrx_word' id='word_1_138' title='bbox 431 2702 580 2774; x_wconf 80' lang='lat' dir='ltr'><strong>aiteram</strong></span> <span class='ocrx_word' id='word_1_139' title='bbox 598 2703 774 2795; x_wconf 83' lang='lat' dir='ltr'><strong>speciem3</strong></span> <span class='ocrx_word' id='word_1_140' title='bbox 800 2712 843 2773; x_wconf 91' lang='lat' dir='ltr'><strong>ut</strong></span> <span class='ocrx_word' id='word_1_141' title='bbox 855 2704 1025 2795; x_wconf 89' lang='lat' dir='ltr'><strong>quicquid</strong></span> <span class='ocrx_word' id='word_1_142' title='bbox 1042 2704 1205 2777; x_wconf 87' lang='lat' dir='ltr'><strong>deducat</strong></span> <span class='ocrx_word' id='word_1_143' title='bbox 1218 2704 1305 2776; x_wconf 83' lang='lat' dir='ltr'><strong>intel·</strong></span> 
     </span>
     <span class='ocr_line' id='line_1_21' title="bbox 213 2817 1307 2914; baseline 0.002 -26"><span class='ocrx_word' id='word_1_144' title='bbox 213 2817 368 2890; x_wconf 89' lang='lat' dir='ltr'><strong>lectuaie</strong></span> <span class='ocrx_word' id='word_1_145' title='bbox 389 2820 433 2890; x_wconf 89' lang='lat' dir='ltr'><strong>ad</strong></span> <span class='ocrx_word' id='word_1_146' title='bbox 451 2818 651 2891; x_wconf 87' lang='lat' dir='ltr'><strong>feriendum</strong></span> <span class='ocrx_word' id='word_1_147' title='bbox 676 2841 819 2891; x_wconf 88' lang='lat' dir='ltr'><strong>sensum</strong></span> <span class='ocrx_word' id='word_1_148' title='bbox 837 2819 931 2911; x_wconf 80' lang='lat' dir='ltr'><strong>(quse</strong></span> <span class='ocrx_word' id='word_1_149' title='bbox 952 2820 1046 2891; x_wconf 89' lang='lat' dir='ltr'><strong>ratio</strong></span> <span class='ocrx_word' id='word_1_150' title='bbox 1069 2822 1183 2893; x_wconf 82' lang='lat' dir='ltr'><strong>etiarn</strong></span> <span class='ocrx_word' id='word_1_151' title='bbox 1206 2820 1307 2914; x_wconf 78' lang='lat' dir='ltr'><strong>preci·</strong></span> 
     </span>
     <span class='ocr_line' id='line_1_22' title="bbox 213 2935 1304 3029; baseline 0.005 -24"><span class='ocrx_word' id='word_1_152' title='bbox 213 2958 283 3028; x_wconf 89' lang='lat' dir='ltr'><strong>pue</strong></span> <span class='ocrx_word' id='word_1_153' title='bbox 318 2938 416 3029; x_wconf 84' lang='lat' dir='ltr'><strong>riget</strong></span> <span class='ocrx_word' id='word_1_154' title='bbox 455 2937 493 3006; x_wconf 94' lang='lat' dir='ltr'><strong>in</strong></span> <span class='ocrx_word' id='word_1_155' title='bbox 532 2935 705 3007; x_wconf 80' lang='lat' dir='ltr'><strong>artificiali</strong></span> <span class='ocrx_word' id='word_1_156' title='bbox 745 2936 930 3029; x_wconf 82' lang='lat' dir='ltr'><strong>memorie)</strong></span> <span class='ocrx_word' id='word_1_157' title='bbox 958 2938 1065 3028; x_wconf 86' lang='lat' dir='ltr'><strong>juvet</strong></span> <span class='ocrx_word' id='word_1_158' title='bbox 1099 2939 1304 3010; x_wconf 67' lang='lat' dir='ltr'><strong>memoriam</strong></span> 
     </span>
     <span class='ocr_line' id='line_1_23' title="bbox 214 3051 1306 3148; baseline 0.001 -24"><span class='ocrx_word' id='word_1_159' title='bbox 214 3053 268 3146; x_wconf 78' lang='lat'><strong>(8)</strong></span> <span class='ocrx_word' id='word_1_160' title='bbox 287 3051 382 3123; x_wconf 81' lang='lat' dir='ltr'><strong>Aliae</strong></span> <span class='ocrx_word' id='word_1_161' title='bbox 407 3053 584 3125; x_wconf 71' lang='lat' dir='ltr'><strong>instantiae</strong></span> <span class='ocrx_word' id='word_1_162' title='bbox 612 3053 749 3124; x_wconf 89' lang='lat' dir='ltr'><strong>dabunt</strong></span> <span class='ocrx_word' id='word_1_163' title='bbox 777 3052 868 3124; x_wconf 90' lang='lat' dir='ltr'><strong>hano</strong></span> <span class='ocrx_word' id='word_1_164' title='bbox 897 3053 1048 3126; x_wconf 84' lang='lat' dir='ltr'><strong>alteram</strong></span> <span class='ocrx_word' id='word_1_165' title='bbox 1076 3058 1253 3148; x_wconf 68' lang='lat' dir='ltr'><strong>speciem</strong></span> <span class='ocrx_word' id='word_1_166' title='bbox 1273 3061 1306 3125; x_wconf 87' lang='lat' dir='ltr'><strong>nt</strong></span> 
     </span>
     <span class='ocr_line' id='line_1_24' title="bbox 213 3170 1306 3263; baseline 0.003 -24"><span class='ocrx_word' id='word_1_167' title='bbox 213 3192 291 3262; x_wconf 87' lang='lat' dir='ltr'><strong>quae</strong></span> <span class='ocrx_word' id='word_1_168' title='bbox 314 3170 449 3241; x_wconf 86' lang='lat' dir='ltr'><strong>fuciunt</strong></span> <span class='ocrx_word' id='word_1_169' title='bbox 473 3170 741 3263; x_wconf 74' lang='lat' dir='ltr'><strong>impressionem</strong></span> <span class='ocrx_word' id='word_1_170' title='bbox 766 3172 804 3240; x_wconf 93' lang='lat' dir='ltr'><strong>in</strong></span> <span class='ocrx_word' id='word_1_171' title='bbox 830 3170 960 3242; x_wconf 87' lang='lat' dir='ltr'><strong>affectu</strong></span> <span class='ocrx_word' id='word_1_172' title='bbox 986 3172 1082 3254; x_wconf 86' lang='lat' dir='ltr'><strong>forti,</strong></span> <span class='ocrx_word' id='word_1_173' title='bbox 1110 3171 1306 3246; x_wconf 84' lang='lat' dir='ltr'><strong>incutientia</strong></span> 
     </span>
     <span class='ocr_line' id='line_1_25' title="bbox 212 3286 1307 3381; baseline 0.004 -23"><span class='ocrx_word' id='word_1_174' title='bbox 212 3286 347 3358; x_wconf 87' lang='lat' dir='ltr'><strong>scilicet</strong></span> <span class='ocrx_word' id='word_1_175' title='bbox 365 3296 514 3369; x_wconf 87' lang='lat' dir='ltr'><strong>metum,</strong></span> <span class='ocrx_word' id='word_1_176' title='bbox 531 3287 816 3370; x_wconf 82' lang='lat' dir='ltr'><strong>admirationem,</strong></span> <span class='ocrx_word' id='word_1_177' title='bbox 832 3289 1016 3381; x_wconf 87' lang='lat' dir='ltr'><strong>pudorem,</strong></span> <span class='ocrx_word' id='word_1_178' title='bbox 1030 3287 1307 3370; x_wconf 76' lang='lat' dir='ltr'><strong>delectationem,</strong></span> 
     </span>
     <span class='ocr_line' id='line_1_26' title="bbox 205 3403 1306 3497; baseline 0.005 -24"><span class='ocrx_word' id='word_1_179' title='bbox 205 3404 334 3495; x_wconf 88' lang='lat' dir='ltr'><strong>juvent</strong></span> <span class='ocrx_word' id='word_1_180' title='bbox 363 3404 584 3475; x_wconf 78' lang='lat' dir='ltr'><strong>memoriam.</strong></span> <span class='ocrx_word' id='word_1_181' title='bbox 636 3405 689 3497; x_wconf 77' lang='lat' dir='ltr'><strong>(t)</strong></span> <span class='ocrx_word' id='word_1_182' title='bbox 713 3403 805 3474; x_wconf 87' lang='lat' dir='ltr'><strong>Aliae</strong></span> <span class='ocrx_word' id='word_1_183' title='bbox 839 3405 1017 3476; x_wconf 79' lang='lat' dir='ltr'><strong>instantiae</strong></span> <span class='ocrx_word' id='word_1_184' title='bbox 1051 3406 1197 3478; x_wconf 82' lang='lat' dir='ltr'><strong>debunt</strong></span> <span class='ocrx_word' id='word_1_185' title='bbox 1229 3408 1306 3478; x_wconf 84' lang='lat' dir='ltr'><strong>hano</strong></span> 
     </span>
     <span class='ocr_line' id='line_1_27' title="bbox 211 3518 1308 3614; baseline 0.004 -26"><span class='ocrx_word' id='word_1_186' title='bbox 211 3518 360 3590; x_wconf 88' lang='lat' dir='ltr'><strong>alteram</strong></span> <span class='ocrx_word' id='word_1_187' title='bbox 378 3520 541 3612; x_wconf 88' lang='lat' dir='ltr'><strong>speciem,</strong></span> <span class='ocrx_word' id='word_1_188' title='bbox 556 3528 598 3590; x_wconf 92' lang='lat' dir='ltr'><strong>ut</strong></span> <span class='ocrx_word' id='word_1_189' title='bbox 616 3543 698 3610; x_wconf 89' lang='lat' dir='ltr'><strong>quae</strong></span> <span class='ocrx_word' id='word_1_190' title='bbox 715 3521 872 3592; x_wconf 81' lang='lat' dir='ltr'><strong>maximo</strong></span> <span class='ocrx_word' id='word_1_191' title='bbox 889 3522 1146 3614; x_wconf 89' lang='lat' dir='ltr'><strong>imprimuntur</strong></span> <span class='ocrx_word' id='word_1_192' title='bbox 1162 3547 1184 3596; x_wconf 89' lang='lat' dir='ltr'><strong>a</strong></span> <span class='ocrx_word' id='word_1_193' title='bbox 1201 3530 1308 3595; x_wconf 85' lang='lat' dir='ltr'><strong>mento</strong></span> 
     </span>
     <span class='ocr_line' id='line_1_28' title="bbox 212 3636 1309 3732; baseline 0.002 -24"><span class='ocrx_word' id='word_1_194' title='bbox 212 3659 308 3728; x_wconf 89' lang='lat' dir='ltr'><strong>pura,</strong></span> <span class='ocrx_word' id='word_1_195' title='bbox 327 3644 364 3708; x_wconf 89' lang='lat' dir='ltr'><strong>et</strong></span> <span class='ocrx_word' id='word_1_196' title='bbox 382 3638 500 3706; x_wconf 88' lang='lat' dir='ltr'><strong>minus</strong></span> <span class='ocrx_word' id='word_1_197' title='bbox 518 3646 763 3729; x_wconf 87' lang='lat' dir='ltr'><strong>praeoocupata</strong></span> <span class='ocrx_word' id='word_1_198' title='bbox 788 3646 872 3708; x_wconf 83' lang='lat' dir='ltr'><strong>ente</strong></span> <span class='ocrx_word' id='word_1_199' title='bbox 894 3636 952 3708; x_wconf 90' lang='lat' dir='ltr'><strong>vel</strong></span> <span class='ocrx_word' id='word_1_200' title='bbox 978 3647 1080 3730; x_wconf 87' lang='lat' dir='ltr'><strong>post;</strong></span> <span class='ocrx_word' id='word_1_201' title='bbox 1107 3639 1309 3732; x_wconf 78' lang='lat' dir='ltr'><strong>velutique</strong></span> 
     </span>
     <span class='ocr_line' id='line_1_29' title="bbox 212 3753 1310 3845; baseline 0.003 -22"><span class='ocrx_word' id='word_1_202' title='bbox 212 3754 396 3823; x_wconf 88' lang='lat' dir='ltr'><strong>discuntur</strong></span> <span class='ocrx_word' id='word_1_203' title='bbox 413 3753 450 3822; x_wconf 91' lang='lat' dir='ltr'><strong>in</strong></span> <span class='ocrx_word' id='word_1_204' title='bbox 467 3754 629 3845; x_wconf 73' lang='lat' dir='ltr'><strong>pueritie,</strong></span> <span class='ocrx_word' id='word_1_205' title='bbox 647 3763 712 3824; x_wconf 89' lang='lat' dir='ltr'><strong>aut</strong></span> <span class='ocrx_word' id='word_1_206' title='bbox 728 3775 807 3844; x_wconf 82' lang='lat' dir='ltr'><strong>qure</strong></span> <span class='ocrx_word' id='word_1_207' title='bbox 823 3763 1109 3826; x_wconf 87' lang='lat' dir='ltr'><strong>commentamur</strong></span> <span class='ocrx_word' id='word_1_208' title='bbox 1125 3766 1214 3829; x_wconf 86' lang='lat' dir='ltr'><strong>unte</strong></span> <span class='ocrx_word' id='word_1_209' title='bbox 1229 3776 1310 3829; x_wconf 86' lang='lat' dir='ltr'><strong>som·</strong></span> 
     </span>
     <span class='ocr_line' id='line_1_30' title="bbox 211 3868 1310 3967; baseline 0.002 -29"><span class='ocrx_word' id='word_1_210' title='bbox 211 3892 311 3951; x_wconf 92' lang='lat' dir='ltr'><strong>num,</strong></span> <span class='ocrx_word' id='word_1_211' title='bbox 322 3869 432 3940; x_wconf 86' lang='lat' dir='ltr'><strong>etiem</strong></span> <span class='ocrx_word' id='word_1_212' title='bbox 449 3869 573 3961; x_wconf 84' lang='lat' dir='ltr'><strong>primae</strong></span> <span class='ocrx_word' id='word_1_213' title='bbox 587 3891 740 3961; x_wconf 71' lang='lat' dir='ltr'><strong>qumque</strong></span> <span class='ocrx_word' id='word_1_214' title='bbox 757 3892 875 3940; x_wconf 90' lang='lat' dir='ltr'><strong>rerum</strong></span> <span class='ocrx_word' id='word_1_215' title='bbox 889 3868 1002 3953; x_wconf 82' lang='lat' dir='ltr'><strong>vioes3</strong></span> <span class='ocrx_word' id='word_1_216' title='bbox 1027 3873 1145 3967; x_wconf 80' lang='lat' dir='ltr'><strong>magis</strong></span> <span class='ocrx_word' id='word_1_217' title='bbox 1160 3873 1310 3947; x_wconf 84' lang='lat' dir='ltr'><strong>haereent</strong></span> 
     </span>
     <span class='ocr_line' id='line_1_31' title="bbox 210 3983 1311 4079; baseline 0.004 -23"><span class='ocrx_word' id='word_1_218' title='bbox 210 3986 248 4056; x_wconf 89' lang='lat' dir='ltr'><strong>in</strong></span> <span class='ocrx_word' id='word_1_219' title='bbox 269 3984 450 4054; x_wconf 86' lang='lat' dir='ltr'><strong>memorie.</strong></span> <span class='ocrx_word' id='word_1_220' title='bbox 503 3983 556 4079; x_wconf 80' lang='lat'><strong>(5)</strong></span> <span class='ocrx_word' id='word_1_221' title='bbox 575 3983 668 4056; x_wconf 81' lang='lat' dir='ltr'><strong>Aliae</strong></span> <span class='ocrx_word' id='word_1_222' title='bbox 690 3986 866 4057; x_wconf 85' lang='lat' dir='ltr'><strong>instantiae</strong></span> <span class='ocrx_word' id='word_1_223' title='bbox 888 3986 1028 4057; x_wconf 89' lang='lat' dir='ltr'><strong>dabunt</strong></span> <span class='ocrx_word' id='word_1_224' title='bbox 1050 3987 1145 4060; x_wconf 88' lang='lat' dir='ltr'><strong>hano</strong></span> <span class='ocrx_word' id='word_1_225' title='bbox 1171 3989 1311 4062; x_wconf 74' lang='lat' dir='ltr'><strong>alteram</strong></span> 
     </span>
     <span class='ocr_line' id='line_1_32' title="bbox 211 4100 1310 4194; baseline 0.005 -22"><span class='ocrx_word' id='word_1_226' title='bbox 211 4103 377 4194; x_wconf 86' lang='lat' dir='ltr'><strong>speeiem,</strong></span> <span class='ocrx_word' id='word_1_227' title='bbox 394 4110 436 4170; x_wconf 91' lang='lat' dir='ltr'><strong>ut</strong></span> <span class='ocrx_word' id='word_1_228' title='bbox 455 4100 653 4174; x_wconf 88' lang='lat' dir='ltr'><strong>multitudo</strong></span> <span class='ocrx_word' id='word_1_229' title='bbox 669 4103 1025 4186; x_wconf 84' lang='lat' dir='ltr'><strong>circumstantiarum,</strong></span> <span class='ocrx_word' id='word_1_230' title='bbox 1044 4105 1121 4177; x_wconf 87' lang='lat' dir='ltr'><strong>sire</strong></span> <span class='ocrx_word' id='word_1_231' title='bbox 1141 4127 1310 4184; x_wconf 76' lang='lat' dir='ltr'><strong>ansarum</strong></span> 
     </span>
    </p>
   </div>
   <div class='ocr_carea' id='block_1_4' title="bbox 71 4214 1311 4665">
    <p class='ocr_par' dir='ltr' id='par_1_4' title="bbox 71 4214 1311 4665">
     <span class='ocr_line' id='line_1_33' title="bbox 71 4214 1310 4314; baseline 0.004 -26"><span class='ocrx_word' id='word_1_232' title='bbox 71 4214 78 4232; x_wconf 87' lang='lat'>&#39;</span> <span class='ocrx_word' id='word_1_233' title='bbox 204 4220 310 4311; x_wconf 89' lang='lat' dir='ltr'><strong>juvet</strong></span> <span class='ocrx_word' id='word_1_234' title='bbox 327 4218 556 4304; x_wconf 68' lang='lat' dir='ltr'><strong>memoriam</strong></span> <span class='ocrx_word' id='word_1_235' title='bbox 582 4218 694 4291; x_wconf 86' lang='lat' dir='ltr'><strong>veluti</strong></span> <span class='ocrx_word' id='word_1_236' title='bbox 712 4222 856 4313; x_wconf 89' lang='lat' dir='ltr'><strong>scriptio</strong></span> <span class='ocrx_word' id='word_1_237' title='bbox 882 4244 945 4314; x_wconf 90' lang='lat' dir='ltr'><strong>per</strong></span> <span class='ocrx_word' id='word_1_238' title='bbox 966 4230 1086 4314; x_wconf 86' lang='lat' dir='ltr'><strong>partes</strong></span> <span class='ocrx_word' id='word_1_239' title='bbox 1110 4247 1186 4297; x_wconf 93' lang='lat' dir='ltr'><strong>non</strong></span> <span class='ocrx_word' id='word_1_240' title='bbox 1207 4223 1310 4297; x_wconf 86' lang='lat' dir='ltr'><strong>conti·</strong></span> 
     </span>
     <span class='ocr_line' id='line_1_34' title="bbox 211 4332 1311 4433; baseline 0.007 -28"><span class='ocrx_word' id='word_1_241' title='bbox 211 4345 356 4417; x_wconf 81' lang='lat' dir='ltr'><strong>nuatas;</strong></span> <span class='ocrx_word' id='word_1_242' title='bbox 384 4332 499 4418; x_wconf 89' lang='lat' dir='ltr'><strong>lectio,</strong></span> <span class='ocrx_word' id='word_1_243' title='bbox 518 4335 591 4407; x_wconf 87' lang='lat' dir='ltr'><strong>sive</strong></span> <span class='ocrx_word' id='word_1_244' title='bbox 609 4338 770 4409; x_wconf 88' lang='lat' dir='ltr'><strong>recitatio</strong></span> <span class='ocrx_word' id='word_1_245' title='bbox 789 4360 875 4409; x_wconf 87' lang='lat' dir='ltr'><strong>voce</strong></span> <span class='ocrx_word' id='word_1_246' title='bbox 897 4336 980 4409; x_wconf 80' lang='lat' dir='ltr'><strong>alta.</strong></span> <span class='ocrx_word' id='word_1_247' title='bbox 1034 4339 1089 4433; x_wconf 81' lang='lat'><strong>(6)</strong></span> <span class='ocrx_word' id='word_1_248' title='bbox 1108 4339 1205 4413; x_wconf 84' lang='lat' dir='ltr'><strong>Aliae</strong></span> <span class='ocrx_word' id='word_1_249' title='bbox 1222 4340 1311 4413; x_wconf 87' lang='lat' dir='ltr'><strong>deni·</strong></span> 
     </span>
     <span class='ocr_line' id='line_1_35' title="bbox 209 4452 1309 4554; baseline 0.007 -32"><span class='ocrx_word' id='word_1_250' title='bbox 209 4476 280 4545; x_wconf 91' lang='lat' dir='ltr'><strong>que</strong></span> <span class='ocrx_word' id='word_1_251' title='bbox 307 4452 484 4523; x_wconf 84' lang='lat' dir='ltr'><strong>instantiae</strong></span> <span class='ocrx_word' id='word_1_252' title='bbox 510 4452 648 4524; x_wconf 91' lang='lat' dir='ltr'><strong>dabunt</strong></span> <span class='ocrx_word' id='word_1_253' title='bbox 674 4453 764 4526; x_wconf 90' lang='lat' dir='ltr'><strong>hauc</strong></span> <span class='ocrx_word' id='word_1_254' title='bbox 791 4454 941 4527; x_wconf 89' lang='lat' dir='ltr'><strong>alteram</strong></span> <span class='ocrx_word' id='word_1_255' title='bbox 970 4457 1144 4550; x_wconf 68' lang='lat' dir='ltr'><strong>esteciem,</strong></span> <span class='ocrx_word' id='word_1_256' title='bbox 1169 4469 1214 4532; x_wconf 89' lang='lat' dir='ltr'><strong>nt</strong></span> <span class='ocrx_word' id='word_1_257' title='bbox 1238 4479 1309 4554; x_wconf 75' lang='lat' dir='ltr'><strong>que</strong></span> 
     </span>
     <span class='ocr_line' id='line_1_36' title="bbox 210 4573 1308 4665; baseline 0.004 -24"><span class='ocrx_word' id='word_1_258' title='bbox 210 4577 472 4665; x_wconf 85' lang='lat' dir='ltr'><strong>exspectantur,</strong></span> <span class='ocrx_word' id='word_1_259' title='bbox 490 4579 528 4642; x_wconf 89' lang='lat' dir='ltr'><strong>et</strong></span> <span class='ocrx_word' id='word_1_260' title='bbox 551 4573 789 4645; x_wconf 87' lang='lat' dir='ltr'><strong>attentionem</strong></span> <span class='ocrx_word' id='word_1_261' title='bbox 807 4573 977 4657; x_wconf 88' lang='lat' dir='ltr'><strong>excitant,</strong></span> <span class='ocrx_word' id='word_1_262' title='bbox 996 4573 1128 4650; x_wconf 89' lang='lat' dir='ltr'><strong>melius</strong></span> <span class='ocrx_word' id='word_1_263' title='bbox 1144 4577 1308 4659; x_wconf 74' lang='lat' dir='ltr'><strong>haereant,</strong></span> 
     </span>
    </p>
   </div>
   <div class='ocr_carea' id='block_1_5' title="bbox 0 0 1359 5226">
    <p class='ocr_par' dir='ltr' id='par_1_5' title="bbox 0 0 1359 5226">
     <span class='ocr_line' id='line_1_37' title="bbox 0 0 1359 5226; baseline 0 0"><span class='ocrx_word' id='word_1_264' title='bbox 0 0 1359 5226; x_wconf 95' lang='lat' dir='ltr'><strong> </strong></span> 
     </span>
    </p>
   </div>
  </div>
 </body>
</html>
