2708 5226
465 562 555 628 ΜΒ.
580 563 607 628 Ι.
625 581 674 647 77.
1077 565 1119 632 65

95 749 185 799 eriis
210 725 318 820 longe
340 729 517 799 maximus
533 751 666 811 eorum,
683 729 745 820 qui
765 729 801 797 in
819 727 1027 802 Aristotelis
1043 731 1121 825 pbi-

95 843 213 914 ›biam
245 851 506 926 consenserunt
535 866 580 915 ex
611 844 812 937 praejudicio
843 855 881 916 et
906 850 1120 920 auctoritate

95 982 160 1029 um
189 982 230 1031 se
256 958 309 1029 illi
334 960 568 1052 mancipavit;
595 971 637 1031 ut
657 962 855 1053 sequacitas
877 963 924 1032 sit
947 966 1065 1056 potins
1082 975 1121 1035 et

95 1099 126 1160 c,
144 1098 260 1169 quam
277 1099 475 1148 consensus.
525 1076 630 1161 Quod
649 1079 678 1148 si
696 1077 821 1148 finisset
838 1076 900 1148 ille
916 1101 1020 1151 venis
1036 1104 1120 1153 con-

95 1214 132 1263 ns
162 1201 204 1263 et
231 1189 304 1262 late
332 1201 466 1284 patens,
484 1201 626 1264 tantum
651 1193 752 1263 abest
774 1202 816 1262 nt
841 1216 1031 1266 consensus
1056 1219 1119 1290 pro

116 1318 158 1381 st
180 1307 299 1379 solida
320 1310 533 1380 auctoritate
556 1307 678 1378 baberi
700 1308 843 1392 debent,
861 1318 902 1380 ut
919 1311 1029 1382 etiam
1046 1315 1121 1382 vio·

95 1447 148 1495 em
165 1425 478 1518 praeumptionem
495 1426 641 1495 inducat
663 1425 699 1493 in
723 1427 951 1496 contrarium.
1004 1427 1120 1500 Pessi·

95 1565 112 1611 n
141 1542 241 1611 enim
268 1543 428 1621 omnium
454 1550 509 1612 est
533 1541 730 1635 augurium,
752 1542 845 1632 quod
873 1564 919 1613 ex
946 1566 1120 1616 consensu

95 1658 220 1727 turin
250 1656 357 1727 rebus
386 1655 706 1728 intellectualibus:
732 1660 893 1750 exceptis
923 1660 1052 1731 divinis
1081 1671 1119 1732 et

95 1774 179 1856 ticis,
196 1773 233 1844 in
252 1773 381 1865 quibus
403 1771 646 1867 suffragiorum
666 1772 727 1863 jus
750 1770 847 1845 est⁵⁸.
900 1774 1002 1846 Nihil
1022 1777 1118 1847 enim

95 1890 140 1961 tis
165 1888 296 1982 placet,
318 1889 385 1958 nisi
401 1887 700 1982 ‚imaginationem
729 1889 843 1976 feriat,
867 1901 931 1961 aut
956 1892 1119 1964 intellec-

120 2004 319 2098 vulgarium
350 2005 535 2075 notionum
565 2005 666 2074 nodis
695 2006 876 2099 astringat,
907 2017 950 2078 ut
978 2007 1118 2101 supra⁵⁹

95 2145 150 2192 rm
178 2131 243 2192 eet.
295 2121 423 2213 ltaque
452 2121 588 2214 optime
618 2121 816 2191 traducitur
844 2121 937 2192 illud·
965 2123 1117 2196 Phocio-

95 2239 141 2311 'a
164 2237 321 2310 moribus
346 2239 391 2308 ad
417 2236 692 2308 intellectualia:
725 2235 773 2309 Ut
788 2239 904 2308 ειοιίιη
928 2261 964 2309 sc
986 2242 1118 2311 scomi-

95 2387 96 2394 ι
121 2351 450 2437 deucalioneos,
477 2352 564 2449 qaid
587 2353 779 2425 moverint
805 2363 866 2425 cut
889 2357 1115 2450 postumini,

95 2575 129 2628 ds
141 2584 171 2628 ιο
184 2573 301 2638 Politice,
313 2573 367 2629 thie
384 2574 407 2629 is
425 2573 544 2630 rathma
584 2593 648 2633 ance
660 2576 692 2631 ci
700 2576 728 2630 it.
760 2573 860 2639 bacon,
872 2573 1004 2640 however,
1017 2574 1115 2632 doubt·

95 2652 208 2708 loctrine
219 2653 288 2707 bom
303 2669 355 2708 one
367 2651 427 2707 who
444 2654 544 2726 eougbt
582 2655 636 2710 lese
648 2655 729 2710 refers
740 2664 768 2710 ιο
780 2653 826 2709 the
838 2653 970 2708 decisione
981 2654 1013 2709 oi
1022 2653 1115 2710 Coun-

95 2749 171 2786 ivonr
189 2731 221 2785 oi
240 2731 314 2804 King
332 2732 424 2787 James
438 2731 470 2796 1.,
489 2732 542 2787 and
583 2733 641 2799 cils,
653 2734 682 2788 in
694 2731 779 2788 which
795 2733 932 2805 questions
950 2732 982 2788 ci
996 2731 1116 2789 doctrine

95 2828 120 2864 m
139 2808 266 2866 advocate
286 2811 328 2865 ior
345 2810 542 2881 “Kingcraltfl
582 2811 636 2866 and
658 2811 796 2883 discipline
818 2828 863 2866 arc
886 2809 997 2866 decided
1020 2810 1057 2882 by
1080 2829 1115 2866 an

95 2899 102 2943 ι
120 2889 144 2943 ie
163 2899 211 2943 not
227 2907 243 2944 a
258 2889 366 2961 eobtary
380 2890 499 2944 mention
513 2890 545 2944 oi
582 2892 674 2962 appeal
686 2900 714 2946 ιο
726 2890 772 2945 the
784 2889 913 2961 suffr-agee
925 2889 956 2944 oi
965 2888 1042 2946 those
1054 2908 1114 2961 pre-

99 2970 148 3041 jue
167 2965 307 3038 suffragii'
326 2986 393 3023 even
416 2969 445 3022 in
465 2968 541 3024 those
582 2979 657 3034 sent:
678 2986 745 3023 even
763 2986 792 3023 ns
809 2968 857 3023 the
872 2967 986 3023 Council
1001 2967 1033 3022 of
1047 2967 1114 3023 Nice

95 3088 97 3100 .
137 3046 250 3101 llooker
264 3047 354 3117 points
366 3056 414 3101 out
426 3046 540 3117 (Ecclee.
580 3047 700 3102 affirmcd
715 3047 761 3102 the
776 3056 836 3102 true
848 3046 924 3101 Fuitb
936 3046 1042 3117 against
1052 3046 1114 3100 Ari-

95 3125 115 3180 l.
135 3144 164 3179 x.
176 3125 223 3197 38)
246 3124 304 3180 that
328 3124 406 3179 lawe
429 3126 541 3196 positive
581 3127 667 3181 aniam
679 3125 715 3197 by
726 3143 743 3180 a
755 3125 878 3198 majority
889 3125 921 3179 oi
929 3133 1014 3180 νοιοο.

95 3204 226 3276 lunicipnl
243 3222 288 3259 are
304 3202 419 3275 binding
430 3205 493 3276 only
504 3204 541 3277 by
617 3203 643 3242 ⁶⁹
655 3205 742 3275 Supra
753 3204 788 3258 ci.
801 3221 876 3274 supr.
891 3202 914 3257 1.
928 3202 971 3258 28.

95 3291 124 3338 nt
143 3283 175 3338 oi
191 3283 268 3337 those
289 3282 392 3356 subject
411 3291 439 3337 ιο
458 3281 540 3337 them
617 3279 1114 3337 ⁰⁰HercwcscePhocion’ercractcr

95 3362 121 3416 in
136 3379 188 3416 our
205 3359 256 3432 day
268 3378 307 3415 we
323 3379 367 3416 are
378 3361 437 3415 well
448 3379 541 3416 acens-
581 3361 767 3431 -μισόδημος,
803 3358 867 3413 And
885 3359 965 3423 what,
983 3358 1050 3412 alter
1069 3358 1113 3422 sil,

95 3440 99 3495 Ι
113 3450 141 3496 ιο
155 3439 200 3494 the
211 3440 339 3512 principle
350 3439 381 3494 oi
396 3439 542 3511 ultimately
581 3440 604 3494 ie
617 3439 662 3493 the
674 3438 759 3493 worth
771 3437 803 3491 oi
811 3437 857 3490 the
866 3436 967 3491 verdict
978 3437 1009 3490 oi
1019 3435 1113 3491 Public

95 3520 166 3591 lting
182 3519 228 3574 the
247 3519 402 3590 Ratepnycr.
439 3518 494 3572 But
512 3535 541 3572 aa
583 3516 719 3588 Opinioni
739 3514 796 3569 Not
808 3514 899 3579 mncb,
909 3513 1066 3584 perhennis
1075 3530 1115 3568 we

95 3617 109 3654 e
132 3603 152 3628 ‘⁴
161 3598 208 3670 jus
238 3597 377 3669 suffugi?
399 3597 490 3668 ruling
513 3597 541 3650 in
581 3597 643 3650 take
659 3594 753 3649 Public
767 3592 886 3664 Opinion
903 3592 935 3647 ci
952 3608 1003 3647 cue
1021 3591 1113 3663 period

95 3697 102 3734 ι
124 3677 231 3742 Divino,
250 3677 303 3731 this
323 3675 413 3730 would
436 3686 463 3730 et
484 3675 541 3730 first
581 3675 660 3746 only:
680 3673 722 3728 ior
740 3689 804 3727 man
821 3681 895 3726 must
912 3670 945 3726 be
962 3669 1114 3742 mieguided

95 3766 123 3811 tn
134 3756 217 3811 suile
232 3765 260 3811 at
275 3773 328 3827 any
340 3754 417 3826 thing
428 3755 481 3808 like
492 3753 540 3808 eb·
582 3752 619 3825 by
631 3753 723 3824 pcrtial
734 3751 823 3814 news,
835 3751 966 3821 melone,
976 3750 1024 3805 isc.
1049 3749 1113 3805 And

95 3833 217 3900 t'lbntb
244 3853 275 3889 or
306 3833 480 3889 Revelation=
510 3850 540 3887 ae
584 3828 944 3886 amanwbotruetstoand
956 3837 1047 3884 cnurte
1057 3829 1113 3883 itis

95 3914 173 3969 btbe
186 3914 260 3968 trntb
278 3913 308 3968 oi
324 3911 385 3968 God
402 3911 540 3983 depended
584 3911 765 3967 unfortunate.

95 4011 103 4050 ι
121 3993 255 4050 existence
272 4010 308 4046 on
327 3991 418 4046 Msn'e
437 3999 540 4062 eccept-

95 4096 106 4123 ἰ
116 4091 189 4147 Cum
202 4091 300 4162 quiete
312 4088 412 4153 laudm,
420 4087 505 4159 judex
517 4097 581 4143 tune
594 4105 652 4142 esse
663 4094 813 4140 memento:

115 4169 184 4224 Plus
195 4169 253 4223 aliie
266 4167 299 4223 de
310 4177 345 4231 te,
358 4184 439 4239 quam
451 4176 481 4221 tn
493 4166 542 4221 tibi
553 4165 658 4221 credere
669 4163 754 4219 noli.’'
790 4163 873 4218 Dion.
887 4160 964 4219 Cato.

95 4273 127 4329 bo
140 4271 218 4327 mm
230 4271 275 4325 the
287 4271 413 4341 epplensc
424 4270 456 4324 oi
467 4269 540 4324 Pub·
581 4287 625 4324 erc
637 4269 734 4339 always
750 4266 832 4337 being
843 4264 927 4320 called
938 4265 976 4319 in.
1014 4262 1114 4318 Seneca

95 4352 177 4408 ›ininn
192 4350 246 4404 will
264 4349 298 4404 be
314 4348 359 4403 the
375 4348 442 4402 Vnie
460 4365 538 4402 man:
581 4345 676 4420 agreed
688 4347 748 4401 well
764 4343 828 4400 with
847 4344 966 4399 Phocion
985 4341 1061 4396 when
1080 4339 1114 4393 be

95 4451 114 4488 ο
133 4429 253 4500 dapnes
271 4429 301 4492 it,
314 4428 410 4484 Proud.
451 4427 464 4482 1
479 4445 541 4499 may
581 4425 648 4490 aeid,
663 4425 891 4496 “Argumentum
908 4421 1017 4493 pessimi
1034 4418 1114 4473 turba

95 4512 137 4566 bat
155 4507 218 4564 itis
236 4508 333 4580 always
349 4507 541 4578 conectingit·
582 4505 651 4560 cet.'’
681 4502 724 4559 Oi.
739 4500 874 4559 Plutarch.
886 4500 933 4555 vit.
947 4497 1029 4554 Phoc.

95 4587 147 4646 md
168 4585 227 4642 tbet
250 4587 286 4641 its
309 4585 407 4641 baetier
427 4585 541 4641 vendicta

628 4695 649 4742 P
