2708 5226
473 569 562 634 LIII.
583 569 611 634 Ι.
627 573 745 657 6-13.
1119 572 1156 634 ll

51 736 348 808 concinnationes
368 756 485 804 rerum
508 744 614 804 antea
630 736 876 818 inventamm;
903 758 974 806 uon
992 735 1089 808 modi
1107 735 1160 804 in·

53 852 240 937 veniendi,
257 861 318 921 aut
335 849 596 944 designationes
613 874 784 922 novorum
802 875 961 945 operum.

574 999 645 1070 IX.

108 1103 228 1173 Causa
250 1125 331 1174 vero
351 1114 389 1173 et
413 1101 513 1172 radix
536 1100 610 1170 fare
626 1102 785 1171 omnium
804 1101 977 1171 malorum
996 1103 1032 1172 in
1050 1103 1163 1172 scien-

55 1222 118 1291 tiis
139 1243 184 1291 ea
205 1242 277 1290 una
300 1229 374 1302 est;
401 1217 497 1311 quod
521 1217 606 1287 dum
629 1219 761 1288 mentis
783 1218 946 1288 humanae
964 1219 1054 1288 vlres
1075 1219 1163 1290 falso

54 1339 232 1409 miramur
259 1345 298 1409 et
327 1333 544 1418 extollimus,
574 1356 657 1406 vera
690 1336 768 1428 ejus
800 1334 935 1406 auxilia
968 1359 1039 1406 non
1069 1358 1164 1428 quae-

57 1478 189 1528 ramus.

588 1549 637 1622 X.

110 1671 299 1742 Subtilitas
324 1679 463 1740 naturae
489 1666 724 1739 subtilitatem
751 1689 872 1738 sensus
898 1676 936 1738 et
962 1666 1165 1740 intellectus

58 1788 186 1860 multIs
202 1787 362 1881 partibus
378 1782 567 1879 superat¹¹3
589 1794 632 1856 ut
647 1783 807 1879 pulchrae
824 1783 896 1855 illae
914 1786 1165 1858 meditationes

59 1917 98 1977 et
123 1902 384 1998 speculationes
407 1901 570 1972 humanae
596 1912 633 1971 et
657 1901 886 1984 causationes,
905 1925 961 1974 res
986 1903 1165 1974 malesana

59 2023 143 2104 sint,
160 2021 228 2092 nisi
246 2020 340 2113 quod
359 2041 428 2090 non
446 2018 539 2089 adsit
555 2018 616 2110 qui
633 2017 807 2088 advertat.

575 2163 647 2236 XI.

112 2271 217 2343 Sicut
241 2269 406 2348 scientiae,
424 2289 505 2359 quae
529 2288 623 2335 nunc
647 2265 833 2346 habentur,
851 2265 996 2336 inutiles
1016 2275 1100 2337 sunt
1120 2268 1165 2338 ad

60 2388 307 2460 inventionem
326 2405 493 2476 operum3
520 2383 571 2452 ita
591 2391 629 2451 et
653 2380 775 2474 logica,
794 2404 874 2473 quae
892 2404 986 2452 nunc
1003 2381 1166 2466 babetur,

61 2503 200 2576 inutilis
217 2514 272 2572 est
289 2501 334 2571 ad
352 2499 596 2571 inventionem
614 2497 839 2568 scientiarum
852 2493 890 2567 ¹².

571 2647 662 2718 XII.

113 2759 260 2853 Logica,
277 2778 355 2849 quae
372 2757 408 2825 in
426 2778 492 2825 usu
510 2763 573 2837 est,
591 2754 634 2824 ad
654 2776 788 2825 errores
806 2753 881 2847 (qui
904 2756 939 2824 iu
962 2755 1166 2826 notionibus

62 2874 269 2971 vulgaribus
298 2871 505 2962 fundantur)
535 2869 764 2941 stabiliendos
796 2878 834 2941 et
867 2871 1026 2964 figendos
1056 2871 1164 2958 valet,

62 2994 308 3087 potiusquam
329 2989 374 3058 ad
397 2988 661 3079 inquisitionem
679 2987 858 3072 veritatis;
884 2997 926 3057 ut
943 2989 1054 3082 magis
1072 2988 1171 3059 dam-

62 3132 151 3182 nosa
168 3109 225 3188 sit,
243 3127 349 3199 quam
367 3103 466 3174 utilis
477 3100 513 3172 ¹³.

561 3201 673 3273 XIII.

115 3321 350 3416 Syllogismus
373 3320 416 3390 ad
442 3320 613 3412 principia
636 3319 861 3389 scientiarum
881 3342 951 3389 non
969 3319 1170 3401 adhibetur,

65 3442 110 3512 ad
130 3439 250 3510 media
266 3439 446 3508 axiomata
463 3436 593 3507 frustra
609 3435 808 3517 adhibetur,
822 3457 904 3504 cum
920 3435 967 3505 sit
983 3434 1172 3506 subtilitati

105 3665 126 3706 ¹¹
146 3665 215 3719 'I'his
227 3664 337 3736 subtilty
349 3663 380 3718 ol
390 3662 493 3717 Nature
510 3662 601 3716 Baton
642 3659 745 3730 ἡμέραν,
757 3659 824 3714 οὕτω
839 3661 881 3713 καὶ
894 3661 939 3728 τῆς
950 3659 1072 3729 ἡμετέρας
1084 3663 1173 3733 ψυχῆς

67 3743 174 3801 aeemcd
190 3752 219 3798 to
234 3742 313 3797 think
324 3741 414 3796 would
428 3741 462 3796 bc
472 3739 526 3795 laid
539 3740 601 3794 bare
641 3742 728 3795 όνοῦτ
740 3740 806 3807 πρὸς
820 3739 852 3792 rd
868 3738 993 3810 τῇφῦσει
1005 3742 1173 3811 φανερώτατα

67 3825 104 3896 by
118 3823 165 3877 the
181 3822 369 3893 investigation
383 3820 413 3874 oi
422 3821 521 3875 Latent
533 3819 600 3872 Pro·
641 3819 751 3873 πάντων.

66 3920 124 3958 cess
141 3900 196 3956 and
213 3901 350 3956 structure
367 3898 420 3954 and
436 3899 472 3970 by
484 3898 530 3953 the
546 3897 601 3951 dis·
680 3895 703 3934 ¹²
722 3895 774 3949 For
792 3894 837 3950 tbe
856 3895 901 3950 old
923 3905 1022 3968 system
1043 3897 1074 3952 ot
1091 3898 1174 3970 logie

68 3999 166 4052 covuy
186 3979 217 4035 of
236 3979 338 4043 Forma,
356 3978 385 4032 in
402 3977 455 4032 Blr.
468 3975 507 4032 11.
550 3976 601 4029 His
642 3993 686 4030 see
706 3974 848 4045 Appendix
871 3975 904 4030 B.
935 3975 978 4030 Gi.
999 3976 1036 4031 II.
1055 3993 1098 4048 52,
1121 3978 1175 4033 and

67 4062 202 4130 language
213 4057 236 4112 is
248 4075 311 4129 very
323 4057 377 4111 like
389 4055 446 4110 that
458 4054 489 4109 oi
497 4054 601 4108 Aristo-
642 4054 700 4109 that
711 4054 807 4124 partos
817 4053 862 4108 the
871 4061 890 4084 ‘¹
899 4054 1077 4110 Distributio”
1086 4057 1174 4113 which

68 4140 106 4192 tls
117 4137 188 4201 hers,
201 4135 255 4191 and
267 4136 295 4190 ln
307 4135 407 4190 several
419 4133 496 4188 other
504 4133 601 4202 places.
642 4134 665 4188 is
678 4132 795 4204 prefixed
807 4142 835 4187 to
847 4132 900 4187 this
913 4133 1021 4196 edition,
1029 4134 1082 4189 aad
1094 4137 1175 4191 refers

72 4214 122 4271 ses
132 4216 216 4271 Arist.
224 4213 345 4285 Metapb.
357 4213 441 4268 aas
452 4211 498 4266 tbe
509 4211 571 4264 less.
583 4209 601 4263 i.
643 4221 671 4267 to
684 4212 728 4266 the
741 4212 812 4267 Nov.
823 4211 891 4284 Org.

65 4293 145 4353 'leue
162 4295 191 4349 br*
210 4295 252 4348 καὶ
269 4295 315 4362 τῆς
332 4293 510 4362 χαλεπότητος
524 4293 603 4356 οὔσης
682 4290 705 4329 ¹³
723 4289 806 4344 What
823 4290 846 4344 is
861 4290 963 4345 wanoed
981 4292 1004 4345 is
1023 4300 1070 4345 not
1088 4310 1176 4362 power

70 4373 190 4429 turribio
199 4375 319 4443 τρόπους,
328 4371 375 4424 οὐκ
384 4370 474 4425 ἐντοῖς
484 4369 603 4438 πράγμα·
644 4369 675 4423 oi
693 4368 812 4441 drawing
835 4369 984 4424 Inierences
1006 4369 1075 4423 from
1097 4370 1175 4440 given

70 4476 123 4519 cir,
141 4451 201 4507 ἀλλ’
226 4451 254 4506 ἐν
278 4450 337 4520 ἡμῖν
360 4451 390 4503 τὸ
413 4447 495 4503 αἴτιον
518 4447 603 4514 αὐτῆς.
646 4448 801 4518 Principles,
814 4447 863 4502 but
877 4448 907 4502 ol
920 4447 1087 4518 discovering
1099 4447 1175 4506 Prin-

66 4531 173 4599 Ὠσπερ
195 4532 246 4601 γὰρ
267 4530 308 4583 καὶ
329 4529 361 4583 τὰ
381 4534 432 4583 τῶν
453 4525 605 4595 νυκτερίδων
645 4529 726 4599 ciples
739 4528 904 4582 themselves.

72 4612 174 4681 ὄμματα
191 4610 257 4678 πρὸς
272 4610 303 4662 τὸ
319 4607 419 4679 φὸγγας
434 4608 489 4677 ἔχει
503 4605 534 4661 τὸ
549 4605 604 4673 μεθ
