2708 5226
217 549 262 612 58
544 543 719 609 ΝΟ1111Μ
742 542 992 609 ORGANUM.

218 714 305 784 tiam
335 733 434 782 suam
465 711 691 794 ostentando,
717 719 755 783 ct
779 711 983 783 mercedem
1013 707 1214 804 exigendo:
1236 705 1304 778 alle

217 853 295 900 rum
321 851 405 899 vero
432 827 612 900 soleuuius
642 839 679 900 et
707 829 923 923 generosius,
947 827 1086 921 quippe
1115 847 1235 898 eorum
1258 821 1304 915 qui

216 947 318 1019 sedes
343 946 432 1016 fixas
457 944 668 1027 habuerunt,
686 952 724 1015 et
747 944 883 1016 scholas
906 951 1139 1038 aperueumt,
1156 950 1195 1013 et
1217 939 1305 1035 gratis

218 1061 455 1157 philosophati
482 1070 575 1132 sunt.
629 1057 699 1133 Sed
726 1072 850 1133 tamen
875 1070 1073 1152 utrumqne
1097 1080 1212 1153 genus
1226 1056 1306 1146 (11001
1342 1134 1344 1141 ,

217 1189 345 1252 cratera
373 1178 504 1271 dispar)
530 1177 781 1271 professoriam
809 1186 895 1260 erat,
922 1186 960 1249 et
989 1176 1036 1248 ad
1067 1174 1305 1269 disputationes
1342 1166 1344 1171 ’

217 1320 292 1369 rem
310 1295 519 1377 deducebat,
537 1303 576 1365 et
592 1302 706 1365 sectas
722 1293 892 1385 quasdam
916 1301 1026 1385 atque
1047 1291 1200 1363 hoeresee
1213 1287 1306 1384 philo·

215 1414 347 1507 sophioe
364 1410 574 1484 instituebat
597 1419 635 1481 et
659 1408 920 1503 propugnabat:
947 1416 989 1478 nt
1011 1415 1137 1479 efflent
1153 1406 1227 1479 fere
1241 1404 1306 1475 doe

216 1530 318 1600 trinae
344 1550 468 1601 eorum
489 1525 600 1618 (qnod
627 1549 699 1597 non
725 1524 819 1597 male
843 1523 1030 1596 cavillatus
1055 1531 1114 1594 est
1136 1521 1306 1616 Dionyse

217 1648 255 1717 in
273 1645 476 1732 Platonem)
500 1639 609 1714 Verba
626 1643 812 1714 otiosorum
829 1663 948 1712 senum
966 1638 1016 1711 od
1034 1638 1216 1735 imperitos
1226 1636 1306 1730 jao

217 1759 320 1832 nes⁴⁴.
371 1762 425 1832 At
460 1761 679 1854 antiquiores
717 1759 768 1830 illi
808 1782 853 1831 ex
893 1756 1038 1839 Grecis,
1073 1753 1305 1850 Empedocles,

218 1877 458 1971 Anaxagoras,
484 1876 697 1972 Leucippus,
721 1876 957 1958 Democritus,
983 1873 1227 1958 Parmenides,
1246 1871 1306 1943 He·

218 1994 371 2078 raclitus,
389 1994 641 2086 Xenophanes,
660 1993 852 2076 Philolaus,
869 1991 1006 2084 reliqui,
1025 1994 1127 2083 (nam
1145 1989 1306 2084 Pythago

217 2134 302 2193 ram,
326 2119 368 2182 ut
391 2110 683 2205 superstitiosum,
701 2109 914 2195 omittimus)
937 2104 1108 2179 scholas⁴⁵
1126 2107 1236 2200 (quod
1255 2128 1305 2176 no

217 2227 348 2318 vimus)
374 2248 445 2297 nou
471 2235 705 2319 aperuerunt:
731 2225 794 2296 sed
820 2224 953 2317 majore
978 2222 1134 2306 silentio,
1160 2233 1304 2295 atsere

216 2342 299 2424 rins,
323 2351 361 2413 et
386 2341 590 2434 simplicius,
614 2340 650 2410 id
676 2348 741 2426 est,
760 2340 895 2411 minore
921 2362 1003 2411 cum
1025 2337 1253 2412 affectatione
1275 2343 1306 2408 et

218 2460 468 2542 ostentatione,
506 2458 551 2529 ad
591 2458 854 2550 inquisitionem
890 2455 1049 2526 veritatis
1083 2479 1125 2527 se
1161 2454 1306 2528 contulo

217 2573 343 2647 ruut⁴⁶.
395 2574 525 2668 Itaque
542 2583 580 2646 et
597 2573 736 2656 melius,
755 2583 795 2643 nt
817 2571 1038 2656 arbitramur,
1056 2595 1094 2644 se
1111 2581 1304 2668 gesserunt;

218 2693 285 2763 uisi
312 2692 407 2785 quod
436 2715 542 2785 opera
569 2714 692 2762 eorum
722 2714 743 2761 a
768 2689 957 2761 levioribus
982 2690 1068 2769 istis,
1095 2692 1158 2783 qui
1185 2687 1305 2783 vulgari

217 2811 337 2903 captui
363 2818 401 2881 et
424 2809 567 2881 affectui
594 2810 705 2903 magis
732 2808 946 2902 respondent
967 2830 1009 2878 ac
1029 2805 1186 2900 placent,
1203 2813 1306 2879 tractu

216 2927 385 3020 temporis
410 2929 571 2998 extincta
595 2927 686 2996 sint:
713 2934 873 3018 tempore
891 2923 948 3012 (ut
973 2921 1097 3017 fluvio)
1122 2924 1254 2995 leviora
1273 2929 1305 2993 01

215 3047 328 3138 magis
345 3043 467 3115 inflata
483 3044 528 3114 ad
546 3066 610 3115 nos
627 3041 836 3124 devehente,
853 3041 1014 3135 graviora
1035 3048 1073 3111 et
1096 3041 1212 3113 solida
1227 3062 1306 3112 mer-

215 3158 366 3256 gente⁴⁷.
425 3160 556 3254 Neque
585 3171 706 3231 tamen
736 3160 795 3230 isti
825 3182 847 3229 a
877 3158 1031 3229 nationis
1060 3159 1150 3231 vitio
1178 3178 1344 3252 prorsus*

215 3397 269 3452 viii.
283 3416 309 3468 p.
318 3397 371 3465 486
378 3419 386 3462 3
405 3397 458 3452 and
474 3397 578 3468 against
590 3395 646 3450 him
658 3414 674 3449 a
686 3394 744 3448 well
785 3410 879 3448 course
891 3410 928 3447 on
940 3391 1004 3448 Nat.
1017 3391 1086 3448 Phil.
1096 3401 1166 3464 part.
1177 3392 1216 3448 11.
1228 3389 1306 3448 chii

215 3477 319 3532 written
327 3474 679 3549 AppendixtoSheppard's
688 3473 744 3528 edi-
786 3473 855 3543 598.
892 3471 978 3526 “The
999 3472 1074 3543 spirit
1095 3472 1125 3526 01
1147 3472 1258 3527 rational
1272 3470 1307 3524 in·

215 3556 272 3610 tion
284 3557 315 3610 01
323 3555 533 3626 Theophrastus.
785 3552 862 3623 qniry
873 3551 930 3605 into
943 3551 1047 3606 Nature
1064 3551 1197 3616 000ωο,11
1211 3569 1250 3606 we
1265 3565 1308 3605 cm

251 3633 277 3671 ⁴⁴
295 3632 338 3688 Gi.
360 3633 431 3688 hdv.
451 3634 482 3688 01
500 3632 641 3703 learning,
660 3651 687 3703 p.
698 3647 742 3699 4²·
781 3629 865 3702 judge
876 3630 946 3684 irum
958 3630 1003 3685 the
1019 3631 1158 3685 uncertain
1175 3629 1231 3685 sud
1244 3629 1308 3685 olim

214 3710 272 3765 The
286 3712 432 3782 Dionysius
447 3711 510 3768 here
527 3711 678 3766 mentioned
691 3728 744 3765 was
785 3708 980 3781 contradictory
992 3708 1094 3764 notiees
1111 3708 1220 3764 hsuded
1238 3707 1308 3764 down

215 3789 260 3844 the
276 3789 356 3853 elder,
370 3790 414 3844 the
433 3808 482 3845 sou
500 3790 531 3844 01
548 3789 744 3844 Hermocrates.
785 3799 813 3843 to
831 3805 864 3842 us
882 3787 913 3841 01
928 3787 998 3842 their
1016 3796 1111 3852 1000010,
1123 3798 1154 3844 to
1170 3788 1308 3844 haveben

214 3867 273 3921 The
281 3868 422 3932 interview,
430 3869 459 3923 in
467 3868 513 3922 the
521 3886 615 3922 course
622 3869 652 3924 01
657 3868 744 3923 which
784 3866 825 3922 sar
843 3884 917 3921 more
934 3867 1010 3930 alive,
1021 3865 1076 3921 aud
1093 3868 1147 3922 1000
1158 3866 1308 3939 wurpedby

215 3944 329 4000 thiswas
339 3945 405 4012 said,
413 3947 436 4001 10
443 3947 523 4019 given
530 3947 558 4000 in
567 3947 647 4019 Diog.
658 3948 743 4003 Laert.
785 3964 802 4000 a
813 3947 874 4000 vain
891 3944 944 3999 and
963 3953 1089 4016 arrogant
1101 3954 1174 4011 mrn,
1185 3946 1250 4002 thau
1261 3952 1308 4000 ata

215 4023 326 4080 111.18.
784 4026 850 4080 later
865 4023 986 4096 period.’'
1024 4023 1077 4078 For
1091 4024 1138 4080 the
1153 4019 1310 4098 quatiens

250 4102 276 4143 ⁴⁶
294 4107 311 4132 ‘⁸
326 4102 466 4159 Scholas.''
487 4102 505 4155 i.
518 4120 541 4156 0.
572 4102 678 4160 shewed
707 4123 743 4161 no
784 4104 829 4158 the
853 4102 899 4159 old
923 4102 1114 4174 Philosophers
1137 4122 1182 4160 see
1205 4103 1265 4159 inlr.
1287 4099 1306 4155 1.

215 4186 365 4255 symptoms
384 4180 415 4234 01
436 4179 536 4235 schism
559 4181 613 4235 and
633 4192 743 4256 autugo·
783 4182 899 4256 96-98·
1165 4212 1168 4218 <

214 4261 286 4316 niam
304 4260 335 4314 01
349 4267 427 4322 secte,
440 4258 527 4313 which
541 4277 594 4314 was
612 4261 657 4317 the
670 4269 688 4294 ‘⁴
696 4281 742 4318 na·
818 4262 844 4304 47
855 4261 922 4316 This
934 4261 957 4315 10
969 4279 1022 4316 oue
1030 4262 1061 4316 01
1070 4260 1117 4317 the
1127 4261 1230 4318 absurd
1240 4261 1304 4317 10110·

214 4339 295 4394 tionis
302 4338 417 4393 vitium”
425 4337 577 4393 mentioned
586 4338 679 4405 below,
688 4343 742 4397 and
783 4343 836 4398 cies
848 4341 948 4412 arising
961 4341 1032 4395 from
1046 4340 1092 4395 the
1109 4359 1159 4396 nse
1174 4341 1205 4397 01
1213 4341 1304 4396 Analo-

214 4418 301 4475 which
313 4415 410 4473 turned
423 4415 469 4470 the
484 4416 575 4472 search
592 4419 657 4475 alter
668 4423 742 4477 truth
782 4421 849 4494 glos,
868 4421 925 4476 into
943 4419 1030 4475 which
1051 4420 1143 4476 nacon
1162 4420 1250 4491 (when
1268 4416 1303 4472 hir

214 4498 271 4555 into
284 4497 395 4567 subtilty
407 4495 438 4549 01
447 4494 624 4566 disputatione
636 4500 706 4555 sldll.
783 4501 894 4571 leeliugs
918 4506 1019 4554 outnrn
1043 4498 1085 4553 his
1111 4498 1263 4573 jndgment)
1282 4494 1301 4548 iu

248 4578 275 4620 ⁴⁶
294 4577 337 4635 Sir
351 4574 398 4631 W.
418 4572 547 4630 llerschcl
569 4576 597 4631 in
617 4576 658 4633 his
679 4579 742 4634 Dis·
783 4596 866 4651 prone
879 4586 906 4633 to
916 4577 969 4633 fall.
991 4578 1035 4633 110
1046 4577 1153 4635 ceonred
1164 4587 1194 4635 to
1203 4579 1254 4635 like
1263 4572 1300 4629 the
