2708 5226
530 532 618 598 LIB.
642 532 685 597 11.
700 553 755 616 40,
766 552 819 614 41.
1159 533 1225 605 269

118 702 230 775 babet
255 701 330 772 fere
357 698 476 770 loeum
496 700 563 769 nisi
589 701 626 769 in
648 699 782 770 olfactu
809 709 849 772 et
873 699 1060 788 odoribus3
1085 722 1152 770 nee
1178 701 1222 771 ad

118 821 155 892 id
175 818 275 912 quod
296 818 415 911 agitur
436 814 590 887 multum
615 818 783 909 pertinet.
835 815 955 901 Quare
972 817 1018 887 de
1041 815 1225 888 deductio·

111 911 224 1007 'nibus
241 930 507 1006 non-sensibilis
522 932 566 1002 ad
584 932 751 1005 sensibile
769 934 847 1004 haee
865 934 1058 1004 dictasint.

170 1051 398 1142 Quandoque
416 1058 535 1119 tamen
553 1049 721 1121 deductio
742 1051 783 1120 lit
801 1072 871 1121 non
889 1050 934 1120 ad
952 1072 1094 1121 sensum
1111 1050 1225 1121 homi·

118 1171 185 1252 nis,
216 1168 280 1240 sed
314 1166 359 1238 ad
388 1187 530 1236 sensum
561 1164 710 1257 alioujus
745 1165 890 1236 alterius
923 1164 1095 1249 animalis,
1123 1167 1225 1260 eujus

119 1305 244 1357 sensns
261 1284 299 1353 in
315 1281 493 1377 aliquibus
509 1281 705 1352 humanum
722 1281 890 1353 excellit:
915 1291 956 1352 nt
972 1282 1224 1354 nonnullorum

120 1403 282 1482 odorum,
300 1398 346 1470 ad
369 1420 512 1469 sensnm
533 1398 651 1479 eanis3
678 1397 777 1482 lucis,
795 1421 873 1490 quae
900 1400 935 1469 in
962 1401 1042 1470 aere
1067 1422 1139 1470 non
1162 1423 1225 1471 ex-

120 1520 296 1591 trinsecus
323 1514 523 1585 illuminato
554 1513 707 1585 latenter
737 1515 871 1598 existit,
898 1516 943 1586 ad
969 1538 1112 1586 sensum
1136 1515 1224 1601 felis,

121 1643 274 1718 noetuae,
294 1644 333 1705 et
358 1631 559 1722 hujusmodi
586 1629 804 1714 animalium,
822 1655 901 1724 quae
927 1639 1079 1702 cernunt
1104 1640 1225 1703 noctu.

122 1753 239 1826 Recte
256 1752 354 1824 enim
371 1751 508 1820 notavit
524 1747 723 1831 Telesius⁴⁴‚
741 1750 851 1821 etiam
868 1750 905 1819 in
922 1752 1003 1821 adro
1020 1751 1095 1842 ipso
1112 1751 1225 1822 inesse

121 1871 241 1942 lueem
265 1866 443 1960 quandam
461 1865 677 1960 originalem,
696 1865 781 1937 lieet
804 1865 936 1937 exilem
953 1877 991 1938 et
1014 1879 1169 1951 tenuem,
1188 1876 1227 1937 et

121 1987 281 2058 maxima
297 2006 343 2054 ex
363 1990 463 2077 parte
480 1982 592 2052 oeulis
615 1982 800 2053 bominum
818 1991 884 2052 aut
900 1981 1133 2075 plurimorum
1150 1984 1227 2054 ani·

120 2103 273 2175 malinm
293 2123 365 2171 non
387 2101 659 2170 inservientem:
686 2101 768 2191 quia
791 2097 852 2168 illa
874 2098 1052 2183 animalia,
1068 2102 1113 2171 ed
1139 2123 1227 2193 qno·

120 2243 201 2291 rum
225 2239 368 2290 sensum
391 2215 593 2308 hujusmodi
618 2215 683 2285 lux
708 2224 763 2285 est
789 2217 1063 2308 proportionata,
1081 2229 1226 2290 eernant

121 2345 255 2418 noetu;
281 2334 319 2404 id
335 2333 429 2425 quod
447 2330 504 2403 vel
524 2331 600 2402 sine
618 2330 698 2401 luoe
715 2331 802 2414 fieri,
822 2329 877 2401 vel
895 2355 959 2426 per
981 2331 1100 2403 lueem
1117 2334 1227 2405 inter-

120 2477 217 2536 nam,
236 2453 354 2522 minus
371 2447 540 2520 credibile
557 2456 622 2518 est.

173 2568 300 2662 Atque
326 2566 414 2637 illud
441 2566 564 2658 utique
589 2565 787 2635 notandum
813 2575 889 2649 est3
916 2565 961 2635 de
987 2565 1228 2637 destitutioni·

122 2688 190 2758 bus
206 2707 361 2764 sensum,
378 2705 571 2774 eorumque
588 2682 762 2766 remediis,
780 2683 838 2753 bio
856 2705 920 2753 nos
937 2691 1098 2753 tractare.
1126 2679 1225 2754 Nam

122 2803 275 2874 fallaeiae
297 2823 464 2872 sensuum
482 2799 527 2869 ad
555 2799 712 2891 proprias
735 2800 982 2893 inquisitiones
998 2800 1044 2871 de
1065 2821 1170 2870 sensu
1187 2807 1226 2869 et

123 2916 282 2990 sensibili
306 2915 526 2987 remittendae
549 2924 654 2986 sunt:
682 2926 834 3011 excepta
858 2916 920 2988 illa
937 2940 1066 3012 magna
1088 2915 1227 2988 fallacia
1294 2976 1300 2986 ,

124 3057 305 3118 sensnum,
331 3034 498 3103 nimirum
525 3033 619 3123 quod
649 3035 867 3105 constituant
893 3033 1004 3106 lineas
1036 3057 1156 3106 rerum
1182 3056 1228 3105 ex

123 3151 288 3246 analogia
316 3150 480 3230 hominis,
505 3158 544 3218 et
573 3170 643 3216 non
675 3172 720 3218 ex
751 3150 914 3244 analogia
939 3151 1114 3222 universi:
1150 3173 1228 3242 qnae

123 3292 197 3340 non
218 3268 414 3361 corrigitur,
433 3266 499 3338 nisi
528 3288 590 3358 per
615 3265 787 3336 rationem
810 3276 847 3337 at
869 3266 1127 3361 philosophiam
1149 3269 1230 3338 uni·

124 3382 343 3457 versalemss.

624 3479 727 3551 XLI.

176 3585 279 3657 Inter
304 3581 554 3679 proeroyatioas
584 3580 829 3651 instantiarum
860 3603 1032 3674 ponemus
1063 3579 1141 3652 loeo
1167 3581 1230 3654 da-

154 3796 182 3836 ⁴⁴
193 3793 260 3849 'l'bis
273 3793 366 3849 notion
376 3793 407 3848 ai
411 3791 515 3846 Telesia
523 3789 565 3858 (ol
571 3789 659 3845 which
735 3789 761 3829 ⁴⁵
778 3789 845 3845 This
863 3790 968 3845 remark
989 3791 1012 3845 is
1031 3800 1090 3848 true
1108 3792 1139 3847 of
1154 3793 1231 3850 atbar

126 3875 220 3930 Bnoon
243 3870 390 3944 approved)
416 3872 439 3926 is
466 3887 527 3925 now
550 3869 661 3942 entirely
700 3869 818 3941 subjecta
836 3888 866 3924 aa
882 3870 940 3924 wall
956 3887 986 3926 aa
1004 3871 1036 3925 ol
1050 3870 1165 3928 sensible
1183 3890 1230 3946 sp·

123 3951 266 4025 exploded.
296 3952 379 4005 Airie
392 3949 659 4005 puteali-luminous.
700 3949 852 4022 precintion.
889 3949 941 4003 We
954 3966 997 4005 are
1009 3949 1126 4023 obliged,
1137 3952 1174 4024 by
1185 3952 1232 4008 the

124 4031 190 4088 And
201 4031 276 4095 cas,
288 4031 338 4084 dcc.
351 4028 439 4084 which
451 4045 494 4082 are
507 4024 564 4082 said
576 4035 604 4081 to
616 4045 660 4082 see
701 4027 917 4083 constitutiones
929 4045 980 4084 our
992 4029 1104 4094 Nature,
1116 4039 1145 4085 to
1159 4049 1230 4087 mea·

123 4113 152 4166 in
177 4109 224 4166 the
247 4108 323 4173 darlr,
340 4127 384 4162 are
404 4109 467 4179 only
487 4105 546 4161 able
564 4113 593 4160 to
617 4124 660 4161 sea
700 4123 762 4161 sure
788 4107 880 4177 things
906 4104 943 4177 by
966 4107 1110 4163 ourselvea.
1156 4108 1231 4165 Even

126 4190 191 4245 with
209 4189 249 4244 ier
268 4190 319 4243 less
337 4187 406 4259 light
423 4186 488 4241 than
506 4201 577 4249 man,
590 4184 659 4240 from
700 4184 745 4239 tbe
759 4184 835 4239 Bible
852 4185 924 4238 alten
941 4202 1078 4256 expressas
1096 4186 1185 4242 truths
1203 4187 1235 4242 ol

125 4269 172 4324 tbo
184 4268 301 4340 peculim
317 4266 459 4322 formation
470 4264 501 4320 ol
509 4265 577 4320 their
589 4281 659 4335 eyes,
700 4263 746 4318 the
757 4262 864 4335 highest
876 4262 942 4318 kind
954 4263 991 4336 by
1002 4281 1095 4320 means
1110 4266 1232 4321 aiterma

124 4348 214 4403 which
244 4346 322 4402 catch
357 4363 431 4401 more
466 4342 566 4414 readily
595 4342 660 4396 than
701 4342 808 4397 relative
837 4349 866 4396 to
894 4359 937 4406 ns,
968 4341 1022 4398 and
1058 4343 1172 4416 adopted
1202 4353 1231 4400 to

124 4434 214 4483 man’a
232 4426 269 4482 do
284 4425 330 4481 tho
347 4424 398 4479 ferr
415 4441 477 4496 raye
492 4420 580 4477 which
597 4420 660 4476 floet
700 4439 751 4476 our
767 4419 868 4475 limited
885 4420 1059 4493 intelligeres.
1096 4421 1160 4477 And
1177 4422 1232 4478 this

125 4507 155 4562 in
172 4506 219 4563 dre
238 4507 278 4561 eir
292 4521 359 4561 even
377 4504 406 4558 in
421 4503 468 4559 the
485 4501 572 4573 night.
609 4500 661 4556 For
700 4500 753 4554 will
773 4500 899 4555 continue
920 4499 998 4556 while
1016 4517 1078 4557 mun
1100 4501 1165 4557 does
1182 4500 1232 4558 but

125 4585 239 4649 Telesia,
254 4602 296 4640 see
310 4599 399 4654 supra,
414 4582 436 4638 l.
449 4580 508 4637 116.
532 4580 570 4635 11.
580 4592 624 4651 37.
702 4578 807 4633 “know
818 4578 845 4633 in
859 4579 948 4650 μηθ’
