2708 5226
125 575 168 641 76
454 574 628 640 NOVUM
651 575 899 641 ORGANUM.

126 740 260 824 fovent,
278 738 462 834 negligens
478 743 624 812 omnino
642 752 707 824 est,
721 750 761 813 et
778 745 839 812 vix
854 741 964 813 verbo
981 743 1047 836 ipsi
1063 765 1205 838 congrue.

127 855 259 926 Mundi
273 859 369 926 enim
387 858 527 927 senium
540 867 579 928 et
590 858 823 952 grandaevitas
839 881 903 952 pro
919 860 1131 950 antiquitate
1142 883 1207 931 rere

126 971 288 1043 habenda
312 982 416 1056 sunt3
444 996 522 1065 quae
547 974 767 1067 temporibus
796 976 926 1046 nostris
952 974 1063 1046 tribui
1086 975 1208 1056 debent,

124 1111 197 1158 non
220 1088 355 1179 juniori
385 1090 481 1159 oetati
520 1090 657 1173 mundi,
687 1090 802 1182 qualis
831 1090 927 1183 apud
957 1091 1120 1184 antiquos
1146 1092 1208 1161 fuit

126 1204 195 1275 Illa
222 1205 317 1276 enim
345 1216 439 1288 aetas,
456 1215 620 1299 respectu
647 1210 768 1288 nostri,
786 1209 936 1300 antiqua
958 1217 997 1278 et
1019 1209 1148 1300 major3
1170 1231 1210 1278 ro·

126 1331 250 1414 spectu
267 1323 391 1392 mundi
410 1324 529 1414 ipsius,
547 1344 640 1392 nova
657 1332 695 1393 et
711 1325 828 1392 minor
845 1323 926 1393 fuit.
971 1323 1094 1416 Atque
1108 1345 1211 1394 revera

126 1438 427 1529 quemadmodum
455 1441 624 1531 majorem
646 1461 764 1510 rerum
792 1438 1029 1509 humanarum
1056 1441 1211 1520 notitiam,

126 1563 164 1623 et
198 1555 371 1625 maturius
398 1553 587 1645 judicium,
617 1552 664 1624 ab
700 1552 846 1625 bomine
875 1577 961 1627 sene
992 1564 1212 1649 expectamus

127 1692 233 1760 quam
260 1693 283 1741 a
302 1671 447 1760 juvene,
469 1676 614 1761 propter
638 1671 908 1762 experientiam,
933 1678 973 1741 et
997 1692 1213 1765 rerumquae

127 1785 227 1865 vidit,
253 1794 291 1855 et
318 1785 464 1869 audivit,
490 1796 528 1855 et
559 1786 742 1879 cogitavit,
764 1786 973 1857 varietatem
1001 1797 1042 1857 et
1067 1789 1212 1881 copiam3

127 1902 254 1972 eodem
278 1901 385 1972 modo
408 1910 446 1972 et
469 1925 491 1972 a
513 1910 635 1972 nostra
650 1910 756 1972 aetate
775 1901 819 1989 (si
838 1904 930 1972 vires
947 1925 1029 1974 suas
1046 1914 1171 1988 nosset,
1184 1912 1214 1976 et

127 2017 278 2108 experiri
313 2024 351 2087 et
385 2015 571 2086 intendere
601 2013 725 2107 vellet)
752 2016 887 2107 majora
919 2015 1037 2087 multo
1071 2038 1215 2111 querna

126 2133 248 2226 priscis
282 2132 500 2225 temporibus
533 2131 714 2224 expectari
748 2154 812 2223 par
845 2140 923 2214 sst3
966 2142 1095 2227 utpote
1126 2142 1214 2204 etate

125 2248 250 2319 mundi
275 2247 474 2343 grandiore,
495 2256 533 2316 et
556 2245 704 2318 infinitis
725 2249 983 2338 experimentis
1008 2258 1048 2320 et
1071 2249 1216 2321 observa·

125 2360 314 2435 tionibus⁷⁹
331 2371 436 2434 aucta
453 2371 492 2433 et
509 2361 700 2433 cumulata.

178 2481 315 2573 Neque
326 2503 389 2573 pro
410 2479 521 2549 nihilo
538 2479 794 2562 estimandum,
813 2480 908 2572 quod
935 2505 1000 2574 per
1023 2481 1217 2578 longinquas

125 2597 366 2691 navigationes
383 2605 421 2667 et
440 2595 740 2689 peregrinationes
759 2600 851 2686 (quoe
874 2597 1004 2670 seculis
1027 2602 1156 2670 nostris
1176 2601 1218 2668 in·

125 2713 355 2805 crebuerunt)
369 2713 521 2805 plurima
533 2714 569 2781 in
591 2721 715 2781 natura
731 2714 923 2803 patuerint,
938 2721 976 2782 et
994 2724 1135 2806 reperta
1150 2716 1218 2797 sint,

125 2852 202 2920 quae
220 2851 348 2900 novam
367 2828 595 2921 philosophiae
614 2827 730 2898 lucem
748 2829 946 2900 immittere
960 2832 1108 2922 possint.
1134 2832 1218 2916 Quin

125 2956 163 3015 et
191 2955 294 3038 turpe
324 2945 526 3016 hominibus
553 2945 655 3026 foret,
683 2947 711 3014 si
739 2944 834 3039 globi
865 2946 1060 3018 materialis
1087 2958 1219 3027 tractus,

126 3074 298 3132 terrarum
327 3062 501 3145 videlicet,
528 3062 691 3145 marium,
708 3071 894 3145 astrorum,
913 3065 1042 3135 nostris
1065 3065 1221 3159 tempori·

126 3180 192 3249 bus
220 3180 432 3250 immensum
464 3180 576 3271 aperti
604 3188 643 3249 et
669 3177 836 3249 illustrati
866 3181 958 3264 sint;
982 3181 1084 3275 globi
1110 3194 1219 3254 autem

126 3294 378 3366 intellectualis
405 3295 485 3365 linis
512 3295 607 3366 inter
633 3304 793 3365 veterum
820 3295 1027 3368 inventast
1052 3299 1223 3394 angustias

126 3411 370 3483 cohibeantur.

127 3651 211 3723 Essay
229 3669 265 3705 on
291 3651 401 3706 Human
426 3649 656 3721 Understanding.
698 3657 717 3680 “
732 3650 858 3705 Personat
884 3652 1060 3725 Experiment
1089 3657 1113 3711 is
1143 3672 1225 3711 umes·

127 3729 169 3784 Cf.
192 3731 248 3784 also
271 3728 405 3785 Hooker's
425 3729 526 3785 Eccles.
550 3729 607 3785 Pol.
622 3729 655 3783 V.
698 3747 758 3800 sary
778 3730 805 3783 in
829 3731 907 3786 order
927 3742 956 3788 to
976 3744 1079 3789 correct
1101 3753 1153 3790 our
1173 3751 1226 3790 own

128 3819 189 3877 7.1.
698 3807 890 3865 Observations
916 3810 948 3866 ol
974 3811 1021 3867 the
1044 3813 1226 3885 Experimentr

162 3886 263 3940 Seneca
274 3888 331 3940 also
342 3885 396 3941 had
408 3887 453 3941 the
466 3888 558 3941 notion
570 3886 600 3941 oi
611 3887 657 3941 the
698 3887 785 3941 which
793 3886 821 3941 N
822 3897 897 3943 sture
904 3889 1005 3945 herself
1010 3893 1104 3948 makes
1113 3894 1156 3948 for
1165 3911 1227 3948 nt·-

125 3965 192 4019 lnter
208 3965 286 4020 times
306 3964 387 4036 being
405 3966 485 4036 really
503 3965 549 4021 the
566 3965 656 4029 older;
699 3965 812 4029 Imean,
824 3966 870 4022 the
884 3968 1226 4028 Phenornenaol'theUni·

125 4043 179 4099 and
198 4044 221 4098 is
240 4043 339 4115 quoted
358 4053 386 4099 to
405 4043 463 4098 thet
479 4045 556 4099 effect
571 4046 600 4100 in
612 4045 658 4099 the
698 4063 780 4099 verse.
827 4046 883 4100 But
907 4046 972 4101 then
997 4047 1227 4111 observationis,

126 4123 205 4196 Opus
225 4122 324 4195 Majus,
340 4122 395 4192 i.9.
417 4123 596 4195 “Antiquitas
614 4142 656 4179 se·
697 4124 726 4177 in
738 4133 811 4188 turn,
822 4125 926 4180 wanted
946 4135 976 4180 to
992 4126 1078 4184 direct
1096 4129 1151 4184 and
1168 4128 1226 4185 sub

126 4203 179 4257 culi
187 4203 315 4274 juventus
328 4199 451 4254 mundi.''
698 4204 821 4258 stantiate
833 4202 878 4257 the
890 4222 986 4259 course
1003 4206 1034 4260 of
1049 4207 1226 4279 Experiment

161 4278 657 4349 ⁷⁹Experi1nentand0bservation-
699 4282 885 4352 Experiments
904 4284 981 4338 alone
999 4297 1098 4342 cannot
1116 4287 1227 4342 adranoe

125 4359 193 4414 their
205 4359 313 4414 relative
325 4357 409 4412 worth
421 4358 475 4413 and
489 4359 656 4430 application.
698 4360 856 4432 knowledge
890 4363 1002 4417 without
1032 4364 1227 4426 obemtionz

125 4438 175 4494 See
192 4438 236 4493 Sir
249 4437 293 4491 W.
304 4435 458 4491 Herachel's
475 4438 655 4508 Discourse,§
699 4439 761 4510 they
778 4457 870 4495 arouse
895 4441 936 4495 lor
959 4460 976 4495 a
999 4443 1074 4509 time,
1095 4444 1149 4500 and
1168 4444 1226 4499 then

124 4517 168 4588 67.
201 4515 655 4587 Mill’slmgieboolrlllaehrii.
698 4517 811 4589 passoff
819 4518 864 4572 the
876 4537 954 4576 scene
966 4520 1226 4579 andlenvcnotraoe

126 4597 290 4668 Coleridge’s
298 4595 471 4660 Table'l'nllr,
480 4595 656 4668 Oct.8,1830.
698 4596 797 4653 behind
808 4597 911 4652 thern.”
