2708 5226
205 575 270 643 174
532 577 702 643 NOVUM
723 577 973 644 ORGANUM.

280 742 327 813 de
346 740 427 812 aliie
449 741 610 836 planetis,
628 767 692 836 pro
716 745 863 815 modulo
886 766 951 814 auo
975 743 1126 826 calorie;
1151 743 1294 837 exempli

279 859 402 953 gratia,
419 857 550 931 Jovem
571 862 685 954 magio
708 860 802 953 apud
825 882 889 932 nos
915 860 1121 944 calefacere,
1138 883 1219 931 cum
1242 883 1297 953 po·

275 977 365 1046 eitun
389 976 437 1046 eit
461 976 527 1046 null
550 975 699 1060 Cancro,
721 989 785 1048 aut
810 977 944 1058 Leone,
967 999 1074 1069 quam
1095 977 1165 1048 sub
1184 977 1297 1070 Capri·

280 1114 398 1173 corno,
415 1100 479 1163 aut
494 1089 664 1185 Aquario.

206 1211 264 1283 17.
283 1205 510 1277 Credendum
532 1217 598 1290 eet,
616 1207 727 1277 solem
752 1208 878 1300 ipsum,
894 1217 934 1279 et
956 1207 1120 1301 planetae
1141 1207 1300 1299 reliquos,

280 1321 393 1416 magia
419 1320 612 1394 calefacere
636 1323 675 1393 in
700 1325 859 1416 perigaeis
885 1325 969 1407 anie,
995 1332 1142 1417 propter
1167 1324 1301 1416 propin·

281 1439 456 1529 quitatem
489 1439 535 1510 ad
570 1448 712 1523 terram,
740 1462 848 1532 quam
880 1442 918 1510 in
951 1436 1147 1533 apogaeum.
1203 1438 1302 1523 Quod

279 1554 309 1624 ei
345 1555 499 1637 eveniat,
532 1564 574 1626 ut
611 1556 649 1624 in
682 1554 802 1647 aliqua
840 1557 986 1649 regione
1022 1554 1076 1626 sol
1119 1555 1166 1625 sit
1203 1553 1302 1624 εἰιιιιιΙ

280 1671 318 1739 in
352 1671 516 1764 perigaeo,
550 1680 589 1742 et
621 1672 765 1764 propius
805 1672 851 1742 ad
890 1670 1210 1771 perpendiculum
1249 1692 1305 1740 ne·

281 1807 379 1855 ceare
400 1794 466 1869 est,
484 1794 527 1855 ut
543 1788 657 1881 magio
679 1784 872 1871 calefaciat,
890 1809 997 1880 quam
1020 1788 1059 1857 in
1081 1789 1230 1880 regione
1247 1785 1302 1855 ubi

280 1899 334 1970 eol
354 1901 402 1971 eit
418 1900 584 1973 similiter
603 1903 638 1972 in
656 1904 819 1997 perigaeq
836 1905 898 1974 ned
915 1904 1029 1998 magio
1048 1903 1095 1973 ad
1113 1901 1303 1994 obliquum.

281 2014 387 2086 Adeo
403 2027 447 2086 nt
463 2021 680 2111 comparatio
700 2018 928 2090 exaltationis
949 2017 1179 2112 planetarum
1194 2018 1304 2088 notari

280 2132 421 2217 debeat,
440 2143 546 2226 prout
568 2157 614 2205 ex
636 2135 888 2228 perpendiculo
911 2145 975 2207 aut
992 2135 1208 2227 obliquitate
1232 2157 1306 2228 par·

282 2250 417 2342 ticipet,
435 2251 630 2322 secundum
647 2253 834 2345 regionum
852 2253 1074 2323 varietatem.

208 2368 268 2435 18.
286 2364 348 2437 Sol
374 2368 493 2449 etiam,
519 2374 558 2439 et
582 2367 748 2439 similiter
773 2367 900 2459 reliqui
927 2365 1090 2460 planetae,
1117 2366 1306 2438 calefacere

281 2483 395 2576 magis
416 2483 676 2564 existimantur,
694 2506 776 2553 cum
793 2483 919 2554 sintin
937 2484 1104 2576 proximo
1126 2483 1172 2553 ad
1190 2481 1308 2555 stellas

282 2598 370 2668 fixas
399 2599 571 2689 majorea;
603 2598 715 2670 veluti
747 2622 830 2670 cnm
856 2599 911 2669 sol
941 2601 1088 2692 ponitur
1112 2599 1151 2668 iu
1177 2597 1310 2678 Leone,

281 2715 394 2807 magis
419 2715 553 2785 vicinus
578 2714 621 2784 fit
646 2712 753 2786 Cordi
782 2712 922 2796 Leonis,
941 2714 1072 2785 Caudae
1105 2713 1247 2796 Leonis,
1273 2724 1309 2785 et

281 2829 396 2922 Spicae
414 2828 585 2925 Virginis,
614 2838 651 2901 et
674 2830 778 2913 Sirio,
804 2837 842 2901 et
872 2830 1061 2912 Canicnlae,
1093 2853 1202 2921 quam
1229 2851 1309 2900 cum

281 2947 426 3038 ponitur
459 2947 496 3015 in
527 2946 674 3028 Cancro,
705 2946 766 3016 ubi
797 2955 916 3015 tamen
947 2945 1060 3039 magis
1094 2946 1234 3015 sistitur
1265 2945 1308 3014 ad

282 3058 617 3155 perpendiculumffl.
678 3059 800 3153 Atque
839 3061 1056 3132 credendum
1092 3072 1159 3143 est,
1193 3070 1310 3153 partes

282 3178 362 3249 coeli
386 3179 557 3269 majorem
583 3177 772 3248 infundere
798 3175 952 3247 calorem
974 3176 1074 3264 (licet
1099 3178 1146 3247 ad
1173 3186 1309 3248 tactum

282 3298 431 3366 minime
445 3292 735 3386 perceptibilem)
753 3315 824 3383 quo
847 3292 959 3385 magis
980 3302 1113 3363 ornatoe
1136 3295 1211 3364 sint
1228 3291 1313 3364 stel-

283 3412 335 3498 lis,
354 3412 552 3506 praeeertim
569 3409 772 3503 majoribus.

209 3534 267 3608 19.
286 3528 443 3600 Omnino
477 3526 573 3597 calor
602 3524 801 3596 coelestium
835 3533 988 3618 augetur
1021 3525 1136 3595 tribus
1170 3523 1312 3605 modis;

282 3645 452 3716 videlicet
485 3667 531 3715 ex
562 3640 824 3735 perpendiculo,
855 3662 901 3710 ex
932 3640 1200 3731 propinquitate
1234 3640 1312 3708 eive

282 3763 443 3854 perigaeo‚
471 3768 510 3831 et
544 3782 589 3829 ex
620 3757 870 3849 conjunctione
904 3757 980 3825 sive
1012 3755 1192 3826 consortio
1225 3753 1314 3824 otel-

227 3926 229 3930 ψ
283 3877 407 3948 larum.

208 3999 267 4064 20.
286 3992 464 4086 Magnum
482 3993 626 4061 omnino
647 3988 829 4059 invenitur
852 3984 1080 4057 intervallum
1098 3986 1194 4055 inter
1216 3983 1314 4055 calo-

242 4229 265 4269 ⁹¹
284 4230 351 4286 Thia
365 4229 389 4283 io
405 4237 465 4283 true
483 4226 590 4297 enough
603 4227 631 4280 in
647 4225 734 4280 itocli:
777 4223 944 4296 explanation
963 4223 993 4278 oi
1014 4240 1108 4278 comae
1131 4223 1163 4286 io,
1187 4223 1247 4277 thu
1264 4222 1312 4277 tire

206 4308 256 4364 bnt
269 4327 298 4364 aa
314 4309 360 4362 the
375 4324 436 4370 ann,
449 4305 526 4360 when
542 4307 570 4359 in
585 4305 700 4375 Panga,
713 4304 736 4357 ia
778 4303 885 4357 Earth’r
901 4302 969 4356 Haut
987 4301 1096 4355 reaches
1109 4302 1145 4355 ita
1158 4299 1309 4354 Maximum

206 4389 318 4459 “magia
335 4386 370 4442 ad
388 4384 556 4456 obliquum,”
574 4401 613 4437 we
631 4382 736 4453 happen
777 4382 859 4436 about
895 4381 1030 4450 Auguetr
1065 4379 1125 4449 juat
1160 4396 1190 4432 aa
1224 4377 1308 4432 about

205 4477 233 4522 to
252 4468 320 4522 have
339 4465 385 4520 the
405 4463 506 4518 coldeat
525 4461 638 4517 waather
658 4461 737 4515 when
778 4477 793 4514 2
812 4460 915 4514 o'cioclr
933 4475 998 4513 nu.
1018 4457 1041 4512 ia
1059 4457 1105 4511 the
1126 4457 1225 4511 hottaat
1244 4455 1307 4510 time

205 4547 250 4601 the
263 4539 624 4601 Sunienearerttheeartb.
777 4538 808 4592 oi
815 4538 861 4592 the
873 4536 934 4608 day.

240 4625 265 4665 ⁹2
291 4624 334 4680 cf.
347 4639 436 4693 cupra,
451 4620 488 4675 11.
500 4635 541 4674 ια.
555 4618 622 4673 luat.
634 4634 657 4671 1.
677 4617 736 4672 'l'hc
