2708 5226
127 568 190 639 198
453 568 626 634 NOVUM
649 566 899 632 ORGANUM.

124 756 272 806 manens
305 735 341 804 in
372 742 491 816 stetu;
534 736 609 805 sive
638 732 780 816 animal,
810 732 884 805 sive
914 733 1127 828 vegetabile,
1155 735 1216 805 sire

125 849 318 934 minemle;
343 850 419 922 sive
442 873 543 942 aqun,
561 851 636 923 sive
659 849 788 932 oleum,
811 850 887 920 sive
911 850 996 932 siin
1023 858 1088 920 sut
1113 849 1218 942 alique

125 967 196 1039 elia
217 967 416 1038 substantia
438 989 660 1060 quecunque
685 964 886 1058 susceptiva
910 973 1035 1036 motus
1060 966 1217 1059 predicti.

126 1084 290 1157 Calidum
321 1093 444 1156 nutem
473 1084 518 1154 ad
549 1106 691 1156 sensum
716 1104 773 1154 res
800 1083 926 1153 endem
953 1091 1034 1152 est:
1061 1083 1125 1154 sed
1148 1104 1220 1153 cum

126 1200 297 1295 analogia,
315 1199 429 1293 qualis
451 1202 625 1295 competit
648 1202 778 1273 sensui.
832 1197 944 1270 Nunc
963 1221 1049 1270 vero
1072 1199 1118 1270 nd
1140 1199 1220 1269 ulte·

128 1318 219 1389 riora
235 1316 369 1388 auxilia
386 1317 647 1410 procedendum
667 1325 735 1388 est.

622 1448 732 1520 XXI.

179 1550 267 1622 Post
287 1547 435 1621 Tabulas
453 1550 695 1645 comparentioe
707 1550 846 1644 prime,
865 1559 904 1621 et
919 1548 1138 1643 rejectionem
1158 1550 1221 1620 sive

128 1665 348 1748 ecolesinam,
365 1689 432 1738 nec
449 1689 520 1737 non
538 1664 842 1738 vindemiationem
853 1666 1013 1761 primam
1032 1666 1161 1738 factam
1177 1688 1222 1737 se·

128 1783 286 1854 cundum
303 1805 382 1868 ens;
410 1783 629 1878 pergendum
652 1794 708 1854 est
733 1783 779 1853 sd
806 1782 943 1876 reliquo
967 1781 1107 1854 auxilio
1129 1781 1222 1853 intol-

129 1898 254 1978 lectus,
283 1900 376 1969 circe
405 1898 722 1994 interpretationem
752 1908 898 1982 nature,
931 1908 970 1970 et
1002 1898 1222 1972 inductionem

130 2037 250 2085 versus
266 2037 308 2085 ac
325 2014 531 2107 perfectam.
585 2014 629 2085 In
646 2015 775 2107 quibus
800 2015 1052 2109 proponendis,
1070 2017 1132 2087 ubi
1147 2037 1223 2109 opus

129 2128 199 2199 erit
225 2126 366 2208 tubulis,
389 2130 622 2221 procedemus
648 2153 756 2224 super
778 2129 936 2202 calidum
954 2139 994 2201 et
1012 2126 1222 2226 frigidnm⁴⁰;

132 2243 193 2315 ubi
209 2255 331 2316 autem
349 2269 438 2338 opus
455 2249 524 2317 erit
540 2255 681 2317 tentum
700 2248 876 2340 exemplis
901 2248 1142 2341 paucioribus,
1158 2267 1222 2339 pro

130 2361 299 2434 cedemus
316 2384 379 2454 per
394 2361 464 2433 alin
481 2364 619 2434 omnin:
638 2372 680 2434 ut
696 2387 763 2434 nec
780 2363 1024 2435 confundetur
1040 2363 1220 2458 inquisitio,

131 2488 308 2550 ettamen
326 2478 486 2550 doctrine
504 2490 664 2551 versetur
680 2480 798 2551 miuus
816 2482 854 2550 in
870 2489 1038 2574 augusto.

183 2594 353 2665 Dicemus
379 2596 502 2686 itaque
526 2598 642 2689 primo
665 2596 753 2678 loco,
772 2597 817 2666 de
837 2594 1088 2693 proropaticis
1110 2597 1222 2666 instare

133 2709 318 2782 tiarnm⁴¹s
345 2712 512 2794 secundo,
531 2713 577 2782 de
603 2711 827 2784 adminiculis
852 2711 1094 2784 inductionis:
1122 2713 1222 2791 tertio,

134 2828 178 2899 de
203 2827 449 2921 rectificatione
474 2825 709 2898 inductionis.-
736 2838 873 2921 quarto,
893 2830 938 2900 de
965 2829 1159 2900 variatione
1181 2827 1220 2897 in

133 2945 332 3040 qnisitionis
344 2968 414 3039 pro
432 2952 559 3014 natura
581 2944 742 3039 sehecti:
770 2948 906 3038 quinto,
927 2946 972 3018 de
992 2942 1222 3045 prorepatiois

134 3072 339 3133 naturarum
359 3073 533 3155 quatenus
560 3064 603 3133 ad
630 3064 909 3155 inquisitionem,
928 3065 1004 3135 sive
1023 3065 1070 3134 de
1088 3088 1131 3135 eo
1147 3059 1223 3155 quod

135 3180 385 3272 inquirendum
404 3189 459 3249 est
477 3180 573 3271 prius
598 3187 636 3247 et
660 3181 855 3270 posterius:
883 3188 999 3263 sexto,
1018 3180 1066 3250 de
1086 3174 1223 3250 terminis

16 3328 19 3334 ’
136 3296 383 3391 inquisitionis,
413 3298 488 3366 sive
519 3296 564 3366 de
594 3296 737 3390 synopsi
768 3297 929 3366 omnium
961 3304 1169 3368 naturarum
1197 3295 1223 3363 in

136 3416 318 3485 universo:
345 3415 507 3506 septimo,
526 3413 572 3483 de
590 3410 791 3483 deductione
812 3410 859 3483 od
878 3413 1027 3506 praeire,
1046 3416 1123 3485 sive
1139 3414 1181 3484 de
1193 3432 1225 3482 eo

171 3596 197 3636 ⁴⁰
207 3598 274 3652 This
287 3597 373 3651 shews
385 3595 443 3650 that
457 3594 549 3650 Bncon
562 3593 607 3649 did
620 3604 668 3649 not
709 3596 852 3650 rncteristic
862 3595 1040 3666 phenomenn,
1051 3595 1226 3653 selectcdlmn

136 3675 259 3730 consider
267 3676 313 3730 the
324 3676 403 3729 Form
416 3674 446 3728 of
458 3673 528 3727 Hent
540 3683 567 3728 to
580 3673 613 3727 be
625 3682 668 3745 yet
709 3673 754 3728 the
772 3683 847 3745 great
864 3691 935 3728 mass
954 3673 985 3728 ol
1000 3675 1069 3730 facts
1088 3672 1227 3744 existingin

137 3754 299 3816 discovered,
313 3756 403 3807 unless
417 3752 462 3806 the
478 3751 628 3807 discussion
640 3753 668 3807 in
710 3763 812 3807 nature.
850 3753 1023 3807 Phenomenn
1039 3772 1072 3809 so
1085 3751 1228 3810 selectedcn

138 3834 270 3888 ltu-20
281 3832 314 3887 be
324 3829 669 3903 supposedtoheasample
709 3838 822 3884 account
840 3829 871 3883 ol
886 3847 960 3884 some
977 3832 1125 3904 peculiarly
1137 3827 1229 3886 lorcihlc

137 3913 168 3966 ol
177 3912 222 3965 the
234 3911 330 3964 results
342 3911 373 3964 ot
383 3910 428 3964 the
441 3910 525 3964 whole
539 3909 660 3965 Method.
710 3927 767 3979 way
775 3909 803 3962 in
815 3908 903 3963 which
915 3908 978 3979 they
988 3911 1073 3965 striks
1085 3910 1132 3965 the
1142 3923 1229 3968 ream

173 3989 196 4028 ⁴¹
217 3989 402 4057 Proeroqutinoe
419 3989 500 4042 refers
515 3987 601 4042 tcthe
615 3987 667 4041 Ro·
709 3987 886 4057 andimpress
900 3987 1231 4045 uswithskindolscntt

138 4087 201 4123 mnu
220 4077 319 4139 system
331 4067 362 4120 ol
370 4068 463 4137 voting
481 4066 516 4138 by
528 4067 669 4122 centuries.
709 4066 740 4119 oi
749 4066 894 4129 causation,
904 4082 959 4119 ors
970 4066 1118 4136 particular
1128 4062 1232 4139 aptitudo

138 4147 208 4202 'l'hst
226 4146 312 4200 which
333 4145 412 4200 voted
431 4146 488 4199 tirst
509 4163 562 4200 was
587 4144 670 4200 called
709 4145 972 4215 torgenemliaation,
985 4142 1020 4200 he
1032 4147 1178 4211 considers,
1189 4139 1232 4199 md

139 4227 184 4280 the
205 4225 381 4295 Praerogetive
403 4223 522 4296 Century
534 4247 542 4288 ;
572 4223 626 4278 and
650 4225 671 4278 it
707 4222 801 4292 justly,
814 4239 843 4274 ns
861 4220 975 4292 holding
992 4239 1008 4275 a
1026 4223 1094 4277 kind
1112 4224 1143 4279 of
1157 4237 1233 4295 prem

139 4322 193 4358 was
216 4304 322 4375 usually
347 4302 430 4357 found
455 4302 513 4356 thet
537 4302 573 4373 by
597 4320 671 4356 some
711 4301 798 4370 native
829 4299 940 4372 dignity,
964 4300 1018 4355 aud
1043 4303 1171 4376 clnimiug
1193 4315 1235 4356 our

139 4381 273 4455 prejudice
297 4400 328 4436 or
354 4381 524 4452 superstition
547 4381 568 4435 it
592 4380 671 4435 influ-
712 4379 770 4433 first
787 4377 840 4433 aud
853 4379 964 4449 especisl
981 4382 1115 4436 attention
1133 4382 1160 4436 in
1178 4379 1236 4453 phy·

140 4461 221 4517 enced
236 4461 282 4516 the
300 4469 362 4524 rest,
375 4459 463 4515 which
478 4458 580 4514 seldom
592 4459 672 4514 voted
712 4457 776 4514 sical
799 4457 962 4532 enquiries.”
1000 4457 1158 4516 Herschel’s
1182 4458 1236 4514 nie

140 4541 287 4596 otherwise.
325 4539 368 4594 Cl.
383 4539 438 4594 Cic.
452 4555 501 4608 pro
514 4539 586 4592 Mur.
599 4539 672 4593 xviii.
713 4538 916 4609 course,§190.

141 4620 183 4691 By
195 4619 248 4674 this
261 4636 339 4673 name
354 4617 442 4673 Bscon
456 4615 569 4671 denoted
584 4617 671 4671 “che-
