2708 5226
206 555 272 617 282
530 548 704 616 NOVUM
734 548 984 617 ORGANUM.

206 713 311 808 plane
328 711 577 784 consolidatus.
627 710 723 782 Dein
743 710 890 807 globum
908 710 994 780 forti
1018 709 1156 783 malleo
1178 711 1224 782 ad
1245 713 1307 783 dno

206 830 318 902 latera
351 829 496 900 adversa
528 826 850 920 complanavimus3
881 849 928 897 ex
958 848 1032 919 quo
1067 849 1217 900 neceme
1249 829 1309 899 fuit

206 969 334 1040 aquam
362 946 399 1016 in
427 947 546 1016 minus
572 944 743 1026 contrahi,
770 965 853 1014 cnm
883 941 1020 1036 sphera
1045 942 1245 1038 figurarum
1269 955 1309 1017 nt

206 1062 442 1157 capacissima.
494 1058 646 1143 Deinde,
664 1082 746 1130 cum
762 1057 944 1131 malleatio
968 1081 1043 1129 non
1067 1059 1225 1154 amplius
1245 1062 1309 1132 suf-

206 1181 341 1264 ficeret,
358 1180 484 1274 aegrius
501 1200 540 1250 se
557 1179 751 1272 recipiente
767 1198 870 1270 aqua,
887 1173 1100 1248 molendino
1118 1199 1184 1249 seu
1201 1187 1309 1250 torcu-

207 1296 271 1368 lari
299 1297 354 1367 usi
380 1317 524 1378 sumus;
553 1303 596 1364 ut
622 1292 768 1364 tandem
791 1313 895 1384 aqua,
921 1291 1118 1386 impatiens
1148 1317 1309 1388 pressure

207 1411 394 1497 ulterioris,
417 1434 481 1505 per
506 1410 619 1482 solida
642 1408 779 1501 plumbi
803 1407 930 1499 (instar
954 1409 1045 1480 roris
1071 1409 1235 1505 delicati)
1255 1435 1310 1484 ex·

207 1528 368 1600 stillaret.
420 1527 560 1610 Postea,
577 1533 751 1618 quantum
775 1524 878 1617 spatii
900 1547 965 1619 per
981 1547 1065 1597 eam
1083 1529 1307 1622 compressio

207 1667 291 1716 nem
316 1645 547 1715 imminutum
573 1642 677 1725 foret,
702 1642 1013 1736 computavimus:
1039 1651 1154 1737 atque
1180 1654 1308 1717 tantam

206 1761 503 1853 compressionem
521 1780 658 1851 passam
671 1779 748 1829 esse
760 1780 888 1850 aquam
900 1755 977 1847 (sed
994 1759 1173 1833 violentia
1189 1785 1309 1858 magna

206 1874 405 1968 subactam)
423 1873 676 1946 intelleximus.

256 1989 309 2061 At
333 1988 506 2075 solidiora,
524 1992 626 2073 sicca,
643 2001 708 2061 aut
732 1991 845 2084 magis
870 1997 1066 2083 compacta,
1086 1992 1210 2085 qualia
1232 2003 1309 2064 sunt

204 2105 340 2200 lapides
356 2112 395 2177 et
412 2105 518 2200 ligna,
536 2128 675 2177 necnon
692 2105 850 2189 metalla,
867 2103 983 2178 multo
1000 2106 1124 2179 adhuc
1140 2110 1307 2181 minorem

205 2222 501 2317 compressionem
527 2230 592 2293 aut
616 2221 874 2306 extensionem,
891 2231 929 2292 et
949 2222 1027 2294 fere
1050 2223 1309 2322 imperceptibi-

204 2337 276 2409 lem
294 2339 436 2419 ferunt3
463 2336 596 2409 sedvel
613 2337 799 2424 fractione,
813 2335 870 2408 vel
888 2340 1149 2432 progressione,
1163 2342 1222 2413 vel
1238 2342 1308 2414 aliis

203 2454 524 2550 pertentationibus
549 2475 587 2525 se
612 2453 776 2538 liberant,
802 2455 907 2525 utin
932 2457 1204 2530 curvationibus
1229 2459 1307 2554 ligni

203 2581 267 2642 aut
290 2570 436 2653 metalli,
454 2570 645 2663 horologiis
668 2571 896 2640 moventibus
918 2593 982 2662 per
999 2573 1307 2666 complicationem

204 2687 352 2770 lamina,
383 2688 582 2770 missilibus,
612 2685 908 2769 malleationibus,
932 2696 970 2756 et
1001 2689 1205 2762 innumeris
1237 2692 1307 2763 aliis

203 2804 360 2874 motibus
376 2813 530 2896 apparet.
577 2802 700 2895 Atque
717 2804 791 2874 haec
808 2804 928 2874 omnia
945 2826 1028 2873 cum
1047 2809 1228 2878 mensuris
1244 2808 1307 2878 suis

203 2923 240 2990 in
259 2922 487 3015 indagatione
503 2931 636 2992 naturae
654 2923 809 2993 notanda
826 2931 864 2992 et
881 2921 1102 3015 exploranda
1120 2938 1227 3009 sunt;
1252 2936 1308 2998 ant

204 3038 241 3107 in
259 3039 475 3110 certitudine
494 3061 566 3119 sna,
583 3047 647 3108 aut
671 3060 733 3130 per
749 3038 989 3122 aestimativae
1007 3049 1073 3110 aut
1091 3064 1159 3134 per
1177 3066 1309 3136 compa·

203 3154 343 3237 rativas,
361 3163 467 3247 prout
485 3154 629 3224 dabitur
646 3154 758 3246 copia.

682 3316 827 3390 XLVI.

254 3436 355 3508 Inter
373 3433 624 3531 proeropatiaas
651 3433 897 3505 instantiarum
920 3456 1095 3527 ponemus
1124 3437 1207 3509 loco
1225 3439 1309 3508 vice·

203 3554 293 3625 simo
314 3554 470 3625 secundo
488 3551 673 3622 instantias
690 3549 867 3633 camerali,
886 3574 973 3643 quas
995 3553 1108 3622 etiam
1128 3554 1308 3626 instantias

203 3670 251 3741 ad
266 3695 391 3766 aquam
408 3670 586 3763 appellare
603 3669 849 3740 consuevimus
859 3666 909 3754 ⁶¹3
936 3678 1080 3761 sumpto
1100 3673 1308 3744 vocabuloa

203 3786 397 3881 clepsydris
427 3788 520 3880 apud
548 3787 722 3879 antiquos,
748 3785 785 3855 in
817 3806 905 3878 quas
934 3784 1197 3858 infundebatur
1225 3809 1309 3882 aqna

238 4034 261 4075 ⁶¹
274 4036 362 4098 These
376 4036 513 4090 lastanccs
531 4034 733 4106 correspondto
774 4034 841 4089 been
875 4033 975 4106 proved
1009 4034 1079 4090 solid
1112 4038 1214 4094 truths.
1258 4038 1307 4093 But

202 4114 247 4169 the
259 4116 326 4180 last3
346 4115 410 4169 with
425 4124 527 4185 respect
539 4122 567 4169 to
579 4116 648 4179 time,
660 4114 733 4169 how·
773 4114 828 4169 this
837 4114 954 4184 chapter,
962 4114 991 4167 in
1003 4114 1038 4167 its
1051 4115 1218 4172 illustration
1226 4118 1257 4173 oi
1265 4116 1306 4170 the

201 4212 271 4257 ever,
290 4193 344 4247 and
362 4204 410 4248 not
427 4202 456 4248 to
474 4211 559 4264 space.
595 4194 654 4248 The
673 4192 733 4247 Cal·
774 4193 960 4248 transmission
972 4192 1002 4247 of
1011 4192 1081 4264 light
1093 4194 1220 4251 frcmtbe
1228 4196 1304 4258 serr,

202 4273 279 4326 culus
310 4273 333 4326 is
362 4290 378 4325 a
411 4271 483 4343 good
517 4272 676 4327 illustration
707 4272 737 4326 of
775 4272 828 4328 and
845 4271 889 4326 the
901 4270 1099 4342 wayinwhich
1118 4272 1162 4328 his
1176 4273 1305 4329 “dubita-

201 4360 275 4421 parts
288 4351 319 4405 of
335 4350 400 4406 both
418 4351 464 4405 the
482 4350 612 4421 chaptere.
650 4351 735 4423 Many
775 4351 1155 4422 tioplanemonstrosa”wss
1169 4349 1303 4424 exploded,

201 4430 233 4485 cf
249 4430 364 4484 Bacon’s
376 4429 545 4501 suggestions
558 4430 611 4485 and
623 4448 735 4501 guasses
776 4429 849 4485 shew
864 4447 897 4484 us
916 4428 977 4483 bow
992 4427 1039 4483 the
1056 4429 1205 4501 ignomce
1222 4431 1252 4486 of
1266 4429 1303 4484 his

200 4508 268 4564 have
292 4509 359 4564 been
383 4507 507 4563 verified:
534 4508 587 4563 and
606 4508 677 4564 what
701 4508 735 4562 he
776 4505 1220 4581 daydnggcdhimdownwarda

201 4588 310 4644 himself
331 4587 447 4644 counted
473 4605 502 4642 as
526 4587 640 4652 dreama
664 4587 732 4643 have
