2708 5226
209 575 273 642 126
535 576 710 642 NOVUM
734 576 981 643 ORGANUM.

209 742 276 823 dia,
290 749 328 812 et
345 738 538 823 similibus3
563 763 604 810 ac
617 741 727 811 etiam
745 741 791 812 de
808 741 984 834 exemplis
1000 762 1119 810 rerum
1136 739 1300 812 civilium:

207 879 275 928 neo
295 857 412 928 minus
438 857 484 929 de
510 858 666 929 motibus
691 857 908 929 mentalibus
931 858 1122 938 memorie,
1140 859 1303 950 composi·

208 974 315 1045 tionis
349 982 387 1044 et
415 973 605 1054 divisionis,
630 974 768 1067 judicii,
799 984 837 1045 et
872 975 1101 1068 reliquorum,
1127 997 1235 1066 quam
1263 975 1303 1046 de

207 1089 324 1161 calido
347 1099 385 1161 et
407 1090 545 1184 frigido,
563 1100 625 1161 aut
651 1089 823 1174 luceant
846 1092 1082 1184 vegetatione,
1101 1098 1166 1159 aut
1189 1090 1304 1161 simili·

206 1206 283 1278 bus.
335 1205 409 1278 Sed
434 1216 555 1278 tamen
581 1230 664 1277 cum
689 1214 811 1277 nostra
835 1208 926 1277 ratio
950 1203 1214 1300 interpretandi,
1232 1215 1304 1298 post

206 1322 389 1393 historiam
406 1332 635 1414 praeparatam
653 1330 692 1393 et
708 1322 917 1399 ordinatam,
931 1344 1002 1392 non
1018 1323 1152 1392 mentIs
1169 1330 1303 1391 tantum

205 1446 326 1508 motus
352 1446 391 1508 et
416 1437 602 1520 discursus,
621 1439 678 1527 (ut
705 1435 821 1531 logica
843 1436 1011 1529 vulgaris)
1039 1437 1101 1507 sed
1128 1445 1169 1507 et
1192 1459 1304 1507 rerum

207 1562 369 1624 naturam
394 1553 596 1637 intueatur;
622 1554 674 1623 ita
696 1562 855 1623 mentem
880 1552 1049 1646 regimus,
1066 1561 1109 1622 ut
1125 1552 1172 1623 ad
1193 1573 1304 1624 rerum

206 1676 370 1744 naturam
401 1690 451 1751 se,
476 1669 569 1761 aptis
594 1691 658 1761 per
682 1670 802 1740 omnia
831 1669 956 1753 modis,
981 1668 1161 1762 applicare
1188 1670 1304 1762 possit.

207 1782 330 1876 Atque
346 1791 533 1877 propterea
549 1783 664 1854 multa
682 1791 722 1855 et
744 1783 881 1854 diversa
901 1783 938 1853 in
963 1783 1124 1854 doctrina
1142 1783 1305 1878 lumpre-

207 1898 349 1969 usionis
366 1899 595 1992 praecipium,
610 1921 687 1991 quae
704 1898 749 1968 ad
767 1898 929 1990 subjecti,
939 1899 986 1968 de
999 1920 1070 1990 quo
1088 1899 1304 1990 inquirimus,

206 2014 419 2107 qualitatem
435 2022 474 2084 et
490 2013 740 2095 conditionem,
755 2014 900 2083 modum
917 2013 1120 2084 inveniendi
1139 2013 1305 2084 nonnullo

205 2153 254 2201 ex
271 2137 373 2222 parte
389 2128 580 2222 applicent

647 2253 868 2325 CXXVIII.

254 2368 308 2440 At
325 2369 414 2441 illud
434 2370 479 2440 de
496 2368 661 2440 nobisne
678 2369 842 2440 dubitare
859 2367 1005 2460 quidem
1023 2370 1077 2439 fas
1093 2369 1162 2452 sit;
1189 2377 1303 2440 utrum

204 2506 269 2556 nos
294 2485 550 2578 philosophiam
577 2494 616 2553 et
641 2491 735 2554 artes
760 2492 798 2554 et
822 2486 998 2566 scientias,
1016 2484 1145 2577 quibus
1162 2486 1303 2570 utimur,

204 2605 388 2675 destruere
406 2612 444 2672 et
461 2601 621 2671 demoliri
639 2602 842 2693 cupiamus:
868 2612 992 2673 contra
1008 2604 1117 2685 enim,
1130 2627 1254 2675 earum
1270 2612 1304 2673 et

204 2741 309 2788 usum
327 2726 366 2789 et
384 2717 521 2787 cultum
541 2724 578 2785 et
594 2715 745 2785 honores
763 2714 917 2788 libenter
933 2716 1194 2811 amplectimur.
1232 2717 1304 2789 Ne·

203 2858 275 2926 que
300 2835 397 2904 enim
423 2831 497 2902 ullo
524 2831 630 2902 modo
655 2831 838 2915 officimus,
857 2836 942 2926 quin
969 2835 1053 2916 istae,
1072 2858 1152 2928 quae
1169 2836 1303 2906 invalu-

204 2956 322 3031 erunt,
340 2956 378 3018 et
395 2946 651 3038 disputationes
668 2946 777 3030 alant,
794 2957 832 3017 et
855 2971 1033 3019 sermones
1050 2959 1189 3032 ornent,
1207 2958 1245 3021 et
1261 2949 1303 3020 ad

204 3061 415 3155 professoria
434 3082 581 3131 munera
603 3083 645 3129 ac
663 3060 745 3129 vitae
762 3060 873 3130 civilis
891 3063 1100 3154 compendio
1116 3064 1303 3135 adhibean-

203 3186 264 3248 tur
281 3184 318 3246 et
336 3174 498 3259 valeant3
526 3175 679 3266 denique
701 3182 871 3266 tanquam
895 3178 1110 3248 numismata
1133 3180 1303 3271 quaedam,

203 3315 377 3364 consensu
395 3293 488 3363 inter
509 3289 671 3360 homines
695 3292 912 3383 recipiantur
921 3289 960 3362 ⁷⁵.
1011 3291 1219 3376 Quinetiam
1237 3296 1304 3388 sig·

203 3409 387 3481 nilioamus
412 3417 535 3501 aperte
561 3430 612 3489 ea,
630 3430 712 3499 quae
738 3429 801 3478 uos
826 3407 1046 3491 adducimus,
1069 3409 1114 3479 ad
1140 3412 1227 3481 istas
1250 3432 1302 3480 res

203 3553 275 3602 non
301 3530 455 3600 multum
482 3530 610 3599 idonea
632 3528 772 3611 futura3
799 3552 881 3598 oum
903 3528 948 3599 ad
966 3529 1064 3623 vulgi
1082 3538 1227 3623 captum
1245 3531 1303 3602 dc-

202 3645 286 3714 duoi
304 3646 450 3716 omnino
473 3666 544 3712 non
567 3643 712 3735 possint,
731 3644 799 3712 nisi
823 3665 887 3735 per
903 3643 1032 3714 effecta
1048 3653 1085 3713 et
1102 3667 1211 3738 opera
1226 3653 1302 3715 tan·

203 3768 293 3830 tum.
343 3757 397 3830 At
424 3759 491 3830 boc
517 3758 643 3850 ipsum,
662 3758 756 3850 quod
778 3757 824 3828 de
850 3756 979 3828 affectu
1006 3768 1127 3828 nostro
1151 3769 1189 3830 et
1213 3759 1303 3831 bons

202 3876 389 3946 voluntate
418 3897 502 3968 erga
535 3875 700 3945 scientias
727 3883 887 3966 receptas
913 3874 1073 3957 dicimus,
1091 3898 1198 3967 quam
1222 3901 1303 3948 vere

203 3989 443 4080 profiteamur,
456 3989 585 4081 scripta
602 3998 722 4060 nostra
735 3991 772 4059 in
786 3989 966 4082 publicum
984 3991 1082 4063 edita
1095 3992 1303 4084 (praesertim

203 4103 282 4175 libri
301 4099 358 4173 Dc
377 4125 564 4199 propressa
590 4104 827 4196 scientiarum)
848 4106 955 4175 fidem
982 4107 1123 4177 faciant.
1177 4108 1303 4199 Itaque

202 4220 239 4289 id
257 4218 373 4290 verbis
389 4219 541 4312 amplius
553 4221 695 4292 vincere
713 4245 783 4292 non
802 4222 1019 4292 conabimur.
1047 4222 1143 4293 Illud
1160 4225 1303 4296 interim

202 4345 405 4408 constanter
430 4345 468 4407 et
493 4337 626 4408 diserte
651 4360 847 4420 monemus,
866 4338 920 4409 his
942 4340 1069 4424 modis,
1086 4343 1148 4432 qui
1175 4342 1213 4412 in
1238 4364 1302 4412 usu

505 4580 586 4637 ⁷⁶cf.
600 4582 714 4639 Mace.
751 4585 902 4656 Aleosupr.
917 4586 940 4640 1.
951 4600 996 4657 35.
