2708 5226
204 589 225 650 t
536 585 709 651 NOVUM
733 584 982 650 ORGANUM.

205 765 242 825 et
268 752 409 825 lacertis
433 760 472 822 et
498 752 615 821 nervis
638 774 683 821 ex
708 761 785 821 arte
808 751 901 823 bene
925 751 1042 821 unctis
1065 758 1103 820 et
1126 749 1305 819 medicatis

205 871 327 941 adesse
353 870 536 961 juberent,
565 890 681 938 annon
712 890 853 960 prorsus
882 890 942 936 eos
972 867 1056 936 dare
1086 887 1242 958 operam,
1268 876 1304 934 ut

205 1009 288 1057 cum
306 986 444 1056 ratione
461 984 614 1076 quadam
632 995 670 1053 et
691 984 880 1076 prudentia
897 982 1100 1063 insanirent,
1117 978 1304 1051 clamaret?

205 1101 331 1194 Atque
349 1101 511 1171 homines
532 1109 652 1170 tamen
676 1098 781 1169 simili
806 1099 984 1169 malesano
1007 1098 1155 1190 impetu,
1174 1107 1212 1166 et
1229 1119 1306 1166 cou-

204 1219 396 1311 spiratione
415 1215 548 1300 iuutili,
566 1216 730 1285 feruntur
752 1218 788 1285 iu
812 1215 1135 1296 intellectualibus3
1162 1214 1247 1282 dum
1265 1212 1306 1282 ab

206 1335 429 1428 ingeniomm
454 1332 509 1403 vel
534 1331 766 1401 multitudine
789 1342 826 1401 et
851 1354 1035 1412 consensu,
1056 1330 1111 1400 vel
1132 1327 1306 1400 excellen-

206 1454 257 1522 tia
282 1461 321 1521 et
346 1450 522 1530 acumine,
549 1471 678 1541 magna
702 1457 865 1540 sperant;
900 1460 963 1518 aut
989 1449 1097 1517 etiam
1125 1446 1307 1517 dialectica

205 1572 298 1660 (quae
326 1567 489 1660 quosdam
517 1564 688 1635 athletica
714 1566 846 1634 censeri
877 1565 1000 1656 possit)
1028 1565 1159 1633 mentis
1185 1586 1307 1633 nervos

207 1685 394 1755 roborant:
422 1683 483 1752 sed
509 1683 663 1763 interim,
681 1681 765 1751 licet
787 1691 888 1751 tanto
905 1682 1023 1751 studio
1045 1692 1082 1752 et
1106 1693 1249 1762 conatu,
1267 1680 1306 1768 (si

206 1802 285 1892 quis
305 1823 385 1869 vere
402 1800 631 1892 judicaverit)
649 1797 872 1869 intellectum
892 1798 1025 1867 nudum
1044 1798 1222 1891 applicare
1239 1821 1305 1868 non

207 1917 385 1988 desinunt.
439 1915 769 1985 Manifestissimum
792 1926 914 1985 autem
938 1924 994 1984 est
1018 1917 1054 1984 in
1081 1917 1177 1985 omni
1205 1938 1306 2008 opere

206 2057 348 2126 magno,
366 2034 459 2125 quod
478 2054 604 2103 manus
624 2031 778 2102 hominis
801 2043 951 2125 praestat,
970 2033 1046 2104 sine
1064 2033 1307 2102 instrumentis

207 2159 246 2221 et
269 2148 441 2219 machinis
458 2150 549 2218 vires
569 2171 636 2219 nec
656 2148 876 2243 singulorum
899 2149 1048 2231 intendi,
1065 2172 1132 2219 nec
1150 2150 1305 2220 omnium

206 2265 301 2335 coire
319 2287 430 2356 posse.

256 2379 386 2472 Itaque
403 2403 449 2449 ex
468 2380 523 2449 his
535 2404 617 2472 quae
634 2381 790 2450 diximus
809 2380 1004 2471 praemissis‚
1018 2381 1209 2450 statuimus
1227 2381 1309 2450 duas

206 2520 283 2567 esse
302 2520 367 2577 res,
386 2497 431 2566 de
448 2497 575 2589 quibus
592 2497 755 2567 homiues
776 2497 880 2590 plane
902 2499 1056 2567 monitos
1075 2497 1247 2580 volumus,
1266 2522 1308 2568 ne

207 2613 300 2683 forte
323 2612 393 2682 illae
414 2634 475 2683 eos
496 2613 637 2704 fugiant
657 2621 721 2681 aut
743 2624 962 2704 praetereant.
1015 2612 1175 2697 Quarum
1199 2615 1308 2707 prima

207 2729 409 2819 hujusmodi
443 2739 521 2812 est;
560 2727 636 2796 fieri
672 2727 746 2797 fato
775 2730 927 2820 quodam
959 2730 1015 2813 (ut
1050 2731 1307 2819 existimamus)

208 2845 312 2926 bono,
337 2844 380 2912 ad
408 2843 667 2936 extinguendas
694 2853 732 2913 et
759 2843 986 2938 depellendas
1011 2847 1307 2916 contradictiones

207 2968 246 3031 et
272 2970 431 3028 tumores
456 2958 664 3041 animorum,
683 2969 724 3029 ut
746 2970 784 3030 et
806 2962 985 3031 veteribus
1010 2961 1187 3032 honoret
1212 2982 1305 3031 reve·

207 3076 322 3145 rentia
343 3074 478 3145 intacta
500 3082 538 3145 et
560 3076 751 3145 imminuta
771 3087 939 3147 maneant
949 3074 972 3158 ⁶,
990 3090 1029 3149 et
1049 3101 1113 3148 nos
1134 3078 1307 3148 destinata

206 3191 384 3282 perficere,
403 3200 440 3260 et
464 3200 584 3260 tamen
606 3192 787 3262 modestiae
808 3203 936 3263 nostrae
954 3195 1107 3264 fructum
1128 3195 1307 3287 percipere

205 3308 391 3399 possimus.
443 3305 481 3375 N
482 3329 539 3376 am
558 3328 631 3387 nos,
649 3308 677 3377 si
698 3309 926 3399 profiteamur
942 3332 1007 3380 uos
1025 3311 1171 3381 meliora
1186 3310 1307 3381 afferre

206 3447 311 3516 quam
340 3425 488 3515 antiqui,
515 3424 664 3493 eandem
692 3447 797 3514 quam
827 3426 877 3494 illi
905 3428 997 3496 viam
1029 3429 1185 3521 ingressi,
1213 3426 1308 3499 nulla

206 3542 392 3612 verborum
420 3553 497 3612 arte
523 3539 664 3612 efficere
691 3543 873 3632 possimus,
892 3545 976 3636 quin
1004 3546 1194 3615 inducatur
1217 3569 1308 3638 qure-

207 3659 288 3728 dam
316 3658 460 3751 ingenii,
479 3657 534 3726 vel
559 3656 791 3738 excellentia,
810 3659 866 3728 vel
891 3661 1069 3731 facultatis
1092 3664 1307 3757 comparatio

206 3775 281 3843 sive
315 3772 519 3841 contentio:
564 3794 632 3840 non
671 3794 714 3842 ea
749 3772 891 3865 quidem
933 3772 1056 3844 illicita
1093 3785 1157 3845 aut
1196 3796 1307 3854 nova3

208 3888 346 3982 (quidni
373 3888 469 3958 enim
495 3890 676 3978 possimus,
695 3912 756 3981 pro
775 3892 858 3983 jure
882 3902 1011 3972 nostro,
1029 3916 1145 3983 neque
1166 3918 1211 3964 eo
1234 3897 1307 3985 ipso

206 4004 277 4075 alio
300 4028 405 4095 quam
429 4005 597 4083 omnium,
617 4007 645 4074 si
669 4006 754 4097 quid
777 4008 871 4099 apud
895 4031 955 4077 eos
977 4032 1046 4078 non
1069 4020 1167 4081 recte
1188 4012 1308 4082 inven-

208 4133 286 4192 turn
316 4130 378 4191 aut
409 4121 562 4213 positum
594 4121 649 4201 sit,
677 4123 935 4214 reprehendere
962 4138 1025 4195 aut
1052 4137 1177 4196 notare
1187 4125 1216 4218 l)
1247 4126 1307 4198 sed

207 4250 327 4309 tamen
346 4249 529 4327 utcunque
539 4238 639 4329 justa
655 4250 717 4307 aut
735 4242 924 4331 permissa;
950 4241 1181 4313 nihilominus
1199 4243 1308 4337 impar

208 4355 355 4425 fortasse
381 4355 505 4424 fuisset
528 4377 571 4425 ea
594 4355 668 4446 ipsa
692 4356 884 4436 contentio,
903 4357 948 4426 ob
967 4358 1092 4427 virium
1112 4372 1305 4431 nostrarum

207 4470 364 4542 modum.
418 4469 552 4540 Vemm
579 4493 687 4562 quum
719 4495 781 4563 per
808 4495 872 4543 nos
898 4472 985 4542 illud
1012 4484 1149 4569 agatur.
1176 4476 1306 4547 utalia

646 4614 659 4653 ⁶
678 4614 720 4671 cl.
736 4616 757 4672 l.
770 4635 814 4688 3²·
828 4635 872 4688 35.
