2708 5226
125 586 188 651 140
452 588 626 653 NOVUM
649 585 899 652 ORGANUM.

175 752 228 824 At
245 753 444 824 secundnm
460 776 574 847 genus
590 753 778 824 axiomatis
785 749 812 795 ¹⁵
830 751 941 845 (quod
958 773 981 820 a
997 748 1134 821 latentis
1143 772 1214 844 pro

125 889 237 938 cesae
267 867 472 936 inventione
501 867 650 959 pendet)
681 889 752 936 non
782 888 846 959 per
874 873 1020 936 naturas
1053 865 1215 958 simplices

125 983 298 1075 procedit,
320 983 381 1052 scd
409 1004 473 1075 per
498 990 663 1053 concreta
686 1005 844 1074 corpora,
863 980 1216 1074 quemadmodumin

124 1107 253 1170 natura
274 1099 514 1182 inveniuntur,
532 1121 636 1169 cursu
660 1097 846 1169 ordinario.
898 1096 1073 1190 Exempli
1093 1098 1216 1191 gratia3

125 1213 162 1282 in
179 1236 260 1284 casu
279 1213 341 1283 ubi
359 1214 402 1283 lit
418 1215 609 1306 inquisitio,
624 1235 671 1283 ox
689 1213 817 1305 quibus
832 1213 955 1295 initiis,
966 1223 1006 1283 et
1023 1212 1219 1304 quomodo,

125 1338 165 1401 et
191 1353 262 1421 quo
287 1353 464 1423 processu,
487 1352 625 1411 aurum,
647 1338 710 1400 aut
734 1329 830 1399 aliud
857 1329 1007 1421 quodvis
1032 1328 1219 1409 metallum,

126 1455 189 1515 aut
207 1444 294 1538 lapis
316 1454 518 1539 generetur,
536 1468 558 1515 a
575 1446 695 1536 primis
718 1446 920 1525 menstruis,
937 1454 1001 1514 aut
1017 1444 1221 1516 rudimentis

126 1562 209 1642 suis,
226 1583 338 1652 usque
363 1560 408 1631 ad
431 1561 604 1632 mineram
630 1550 847 1652 perfectam:
874 1568 938 1630 aut
959 1560 1137 1643 similiter,
1160 1582 1220 1652 quo

126 1699 290 1769 processu
327 1675 443 1745 herbae
476 1674 701 1769 generentur,
729 1699 752 1746 a
785 1677 909 1769 primis
943 1676 1222 1748 concretionibus

126 1812 312 1862 succorum
335 1792 373 1860 in
397 1800 503 1874 terra,
520 1800 583 1861 aut
606 1813 629 1861 a
651 1792 853 1874 seminibus,
872 1814 985 1884 usque
1006 1792 1054 1861 ad
1070 1791 1222 1886 plantam

127 1908 325 1990 formatam,
360 1928 442 1976 cum
476 1907 641 1976 universa
674 1905 736 1976 illa
770 1909 992 1977 successione
1029 1916 1159 1990 motus,
1189 1914 1223 1976 ct

127 2023 273 2092 diversis
303 2031 341 2090 et
370 2022 585 2092 continuatis
610 2030 747 2091 naturae
775 2021 941 2104 nixibus3
980 2021 1155 2107 similiter,
1182 2022 1222 2092 de

127 2137 356 2232 generatione
387 2137 577 2207 ordinatim
608 2136 786 2229 explicata
817 2137 1037 2223 animalium,
1063 2138 1111 2209 ab
1139 2139 1222 2209 initu

128 2254 173 2325 sd
193 2261 357 2345 partum3
383 2261 421 2322 et
438 2252 602 2322 similiter
619 2253 663 2322 de
681 2251 884 2344 corporibus
899 2252 987 2323 aliis.

179 2368 373 2439 Enimvero
400 2368 582 2460 nequead
608 2370 857 2462 generationes
883 2391 1070 2461 corporum
1090 2379 1222 2441 tantum

127 2492 265 2577 spectat
293 2482 366 2554 haec
396 2484 585 2576 inquisitio,
613 2485 674 2554 sed
705 2485 814 2554 etiam
842 2485 885 2554 ad
921 2483 1008 2556 alios
1043 2496 1164 2557 motus
1191 2494 1222 2555 et

127 2602 268 2693 opificia
302 2610 445 2669 naturae.
515 2599 681 2692 Exempli
717 2601 853 2693 gratia3
893 2600 930 2669 in
966 2623 1049 2670 casu
1089 2604 1151 2672 ubi
1187 2604 1222 2672 lit

129 2718 311 2808 inquisitio
339 2717 384 2785 de
413 2717 577 2786 universa
601 2717 690 2786 serie
721 2725 760 2787 et
789 2717 1003 2786 continuatis
1032 2718 1223 2789 actionibus

128 2832 372 2914 alimentaudi,
397 2854 422 2901 o
451 2832 564 2923 prima
597 2831 799 2922 receptione
830 2830 991 2901 alimenti
1024 2835 1066 2903 ad
1097 2836 1223 2904 assimi-

127 2949 297 3018 lationem
331 2947 551 3040 perfectam;
592 2954 656 3015 aut
694 2946 857 3016 similiter
890 2946 936 3016 de
969 2959 1072 3018 motu
1108 2950 1224 3021 volun-

129 3067 218 3135 tario
248 3062 531 3145 inanimalibus,
561 3086 583 3132 a
613 3063 727 3152 prima
752 3061 980 3154 impressione
1007 3065 1225 3160 imaginatio

127 3183 191 3262 nis,
210 3188 248 3251 et
274 3179 491 3249 continuatis
516 3178 658 3247 nixibus
681 3177 833 3269 spiritus,
852 3199 963 3269 usque
987 3179 1032 3248 ad
1059 3180 1225 3251 flexiones

126 3306 165 3368 et
199 3305 318 3364 motus
352 3304 519 3375 artuum3
561 3301 625 3362 aut
660 3292 704 3361 de
739 3293 918 3384 explicato
952 3307 1057 3364 motu
1092 3295 1225 3392 lingue,

127 3421 166 3484 et
201 3411 388 3493 labiorum,
422 3417 460 3479 et
499 3410 815 3478 instmmentorum
855 3409 1085 3499 reliquorum,
1121 3435 1227 3505 usquo

126 3529 170 3598 ad
202 3528 394 3599 editionem
429 3547 555 3594 vocum
588 3522 865 3594 articulatamm.
917 3524 1012 3593 Nam
1043 3525 1120 3596 haec
1145 3550 1228 3619 quo·

126 3666 196 3734 que
222 3651 385 3734 spectant
407 3641 451 3711 ad
480 3650 622 3709 naturas
646 3648 842 3721 concretus,
859 3641 935 3709 sive
959 3639 1177 3733 collegiatus,
1194 3651 1228 3712 et

126 3759 162 3827 in
194 3758 345 3839 fabrica3
370 3767 409 3827 et
438 3758 623 3826 intuentur
653 3754 763 3830 veluti
792 3756 1070 3826 consuetudines
1096 3771 1227 3828 natura

163 3906 187 3946 ¹⁶
203 3906 262 3961 'l'he
277 3906 375 3962 second
394 3907 460 3961 kind
476 3908 507 3961 of
515 3907 657 3962 Translor·
697 3905 763 3960 This
780 3914 839 3976 part
855 3905 886 3959 ol
899 3905 1021 3976 Physical
1036 3906 1228 3979 investigation,

126 3986 228 4040 motion
241 3986 385 4055 (stripping
403 3987 424 4039 it
440 3986 471 4039 oi
486 3988 586 4040 useless
604 3984 657 4040 sud
697 3984 837 4054 obsemsly
856 4002 885 4039 as
905 3984 926 4038 it
946 3984 968 4038 is
988 3983 1051 4039 herc
1070 3985 1166 4050 stated,
1183 3986 1228 4040 bss

126 4075 235 4134 strange
252 4066 396 4134 language)
410 4064 433 4117 is
453 4065 549 4136 simply
565 4083 599 4119 sn
617 4065 657 4117 in·
698 4062 798 4133 proved
819 4062 865 4116 the
883 4062 954 4117 basis
973 4063 1004 4116 of
1018 4063 1101 4118 much
1120 4064 1229 4119 modern

126 4142 285 4212 vestigation
302 4142 358 4194 into
374 4141 460 4196 divers
479 4160 615 4213 processes
630 4142 661 4197 ol
700 4141 815 4196 Medioal
839 4139 997 4212 knowledge
1024 4141 1078 4195 and
1107 4144 1178 4206 skill,
1202 4159 1229 4196 ss

126 4220 230 4292 grovth
242 4250 279 4259 —
291 4219 459 4290 registrstion
483 4222 514 4274 ol
538 4221 605 4275 laets
631 4221 661 4275 oi
699 4239 761 4292 may
778 4219 812 4273 be
830 4237 892 4274 seen
913 4219 982 4273 from
1003 4218 1121 4275 Hsller’s
1137 4221 1229 4292 Physi-

126 4315 260 4369 progress.
297 4297 362 4360 Not,
384 4297 513 4362 however,
535 4299 659 4353 identical
699 4300 787 4368 ology.
823 4297 941 4369 'l'hough
962 4297 1053 4352 Bacou
1073 4298 1137 4353 herc
1154 4299 1229 4369 again

126 4375 190 4430 vvith
208 4376 304 4430 latent
320 4375 430 4430 Process
446 4378 487 4445 (as
504 4376 596 4431 Bscon
612 4395 657 4432 sx-
699 4376 786 4431 shews
798 4375 856 4430 that
867 4374 902 4429 hs
917 4375 1001 4446 hopes
1013 4384 1059 4430 too
1075 4376 1166 4440 much,
1178 4373 1229 4430 and

126 4455 234 4527 plains),
256 4454 368 4509 because
389 4454 476 4509 ithus
498 4455 612 4526 nothing
631 4465 659 4510 to
699 4455 748 4510 has
760 4465 801 4509 set
812 4455 900 4508 man’s
913 4453 1006 4508 Povvsr
1017 4463 1063 4508 too
1075 4453 1161 4526 high,
1179 4453 1230 4510 still

127 4533 163 4589 do
176 4532 239 4587 with
255 4531 301 4587 the
318 4533 456 4605 discovery
467 4534 498 4588 ol
507 4534 596 4588 Form.
634 4533 660 4588 lt
700 4551 739 4588 we
755 4542 854 4589 cannot
865 4532 915 4587 but
930 4531 1032 4586 admire
1046 4532 1089 4586 his
1105 4551 1188 4605 grssp
1204 4531 1232 4586 oi

127 4628 256 4666 conserus
274 4611 347 4665 itseli
363 4612 445 4683 solely
456 4612 520 4666 vvith
538 4622 660 4669 cosmate
700 4611 800 4682 things,
813 4610 867 4665 and
879 4610 921 4665 his
933 4610 1070 4681 prophetie
1081 4612 1185 4682 glauce.

126 4688 228 4753 bodies,
237 4707 267 4744 ss
279 4688 341 4761 they
353 4708 397 4744 are
409 4689 495 4744 found
507 4691 533 4744 in
549 4690 658 4745 Nature.
