2708 5226
118 1787 283 1854 Abstructu,
298 1788 464 1864 perniciose,
483 1803 548 1861 137.

120 1886 293 1961 Absumptio
307 1885 425 1951 humidi,
443 1904 510 1964 299.

120 1982 276 2040 Academia
289 1983 384 2050 Nove,
400 1996 449 2060 52.
465 1985 514 2056 63.

119 2080 309 2155 Acstslepsis,
327 2099 355 2137 s.
372 2099 415 2158 19.
429 2093 480 2158 52.
496 2081 546 2153 63.
563 2099 628 2156 124.

120 2179 230 2236 Acosto
243 2177 278 2234 de
291 2177 370 2235 fluxu
385 2186 414 2235 et
428 2179 538 2236 refluxu
553 2179 648 2244 moris,
667 2196 736 2255 239.

121 2274 208 2333 Actio
221 2275 367 2340 naturalis,
385 2292 453 2351 254,
470 2290 539 2351 255.

121 2374 201 2431 Acus
215 2373 335 2431 nsoticoe
349 2372 485 2438 inventio,
504 2390 570 2449 ¹05·
587 2372 654 2430 128.
689 2372 843 2439 verticitss,
862 2373 930 2445 246.

123 2471 294 2537 Admiratio,
309 2471 405 2547 proles
418 2471 552 2538 tentetis,
570 2488 637 2543 224.

122 2568 257 2646 AEgyptii
270 2586 365 2626 rerum
378 2568 575 2626 inventoribus
588 2568 765 2627 divinitatem
779 2567 952 2635 tribuerunt,
967 2567 1016 2626 61.

124 2695 248 2709 —-
261 2664 416 2722 sucerdotis
429 2665 606 2732 vaticinium,
622 2678 671 2742 59.

123 2762 184 2820 Aer
207 2779 267 2818 non
291 2761 466 2819 rarissimum
493 2762 621 2820 omnium
644 2780 806 2838 corporum,
827 2777 877 2833 30.
908 2758 1027 2835 suscipit
1049 2759 1182 2828 colorem,
1206 2760 1230 2817 si

164 2858 358 2924 concludetur,
378 2857 526 2934 151.162.
561 2858 598 2917 de
618 2860 753 2918 concluso
772 2858 981 2934 inquirendum,
1004 2858 1071 2934 163.
1103 2858 1229 2926 attritus,

165 2976 224 3014 non
242 2965 361 3033 genereo
377 2957 524 3026 scintillas,
543 2957 610 3031 164.
645 2957 779 3016 facillime
799 2956 906 3032 excipit
927 2966 956 3016 et
976 2956 1076 3033 recipit
1096 2955 1231 3023 calorem,

170 3055 237 3113 18ο.
265 3055 328 3130 ejus
340 3055 479 3122 dilatato,
497 3057 565 3131 187.
596 3057 659 3132 ejus
672 3056 766 3114 medis
778 3055 860 3131 regio
874 3055 1068 3131 frigidissima,
1084 3071 1152 3128 217.
1182 3054 1231 3111 In-

166 3153 273 3211 stantis
289 3152 457 3212 consistenti
473 3153 594 3220 hostilis,
612 3153 680 3210 228.
711 3153 816 3210 rotatio
829 3153 901 3228 ejus,
918 3170 987 3226 2³4·
1017 3152 1115 3209 subter
1130 3169 1232 3226 squam

167 3250 305 3315 escendit,
326 3251 363 3308 ib.
399 3269 456 3308 non
481 3259 526 3309 est
546 3251 662 3309 flemme
686 3267 814 3317 occense,
840 3263 907 3324 ²5¹·
943 3249 1063 3306 mistura
1083 3248 1145 3322 ejus
1167 3264 1232 3304 cum

168 3347 352 3426 spiritulibus,
369 3361 437 3423 273.
469 3346 599 3406 extensio
620 3348 682 3422 ejus
698 3347 727 3403 in
751 3345 813 3403 ovis
831 3345 938 3413 vitreis,
956 3346 1022 3404 281.
1057 3363 1116 3402 non
1139 3343 1235 3402 subito

167 3447 271 3504 treusst
284 3464 371 3522 poros
383 3464 516 3505 rusorum
530 3446 705 3511 solidiorum,
723 3460 790 3521 294,

127 3544 276 3603 AEschinis
289 3543 326 3602 de
341 3543 505 3602 Alexandro
519 3544 633 3620 Magno
647 3542 764 3610 dictum,
779 3559 830 3619 94.

127 3642 297 3709 AEternitus,
312 3642 456 3719 quomodo
472 3641 633 3712 defluxerit,
650 3657 698 3717 27.

129 3740 286 3817 AEthiuis
301 3758 353 3817 59·

127 3839 312 3914 AEtuu,170.

127 3937 256 3995 Affectus
269 3935 444 3995 intellectum
458 3934 584 4012 tingunt,
602 3934 649 3992 28.

126 4036 305 4095 Affirmutive
327 4035 414 4111 vulgo
437 4033 550 4110 potiore
572 4051 656 4108 quom
677 4031 824 4110 negative,
849 4047 896 4107 25.
932 4032 1043 4098 formae,
1067 4037 1238 4107 angustetur

167 4151 219 4210 per
232 4133 389 4191 Instantius
402 4132 571 4208 migrantes,
588 4148 657 4190 201.
679 4149 730 4208 per
744 4128 900 4189 Instantius
914 4129 1078 4194 comitatus,
1097 4144 1167 4202 227.

127 4231 235 4299 Africo,
251 4247 301 4309 59.
319 4231 387 4290 216.

129 4329 244 4388 Albedo
258 4328 326 4405 quid
340 4329 387 4394 sit,
404 4345 473 4386 sos.

127 4426 322 4493 Alchemistae,
341 4444 390 4502 79.
403 4426 451 4485 86.
472 4444 572 4484 eorum
585 4443 675 4493 error,
691 4424 760 4501 328.

126 4526 293 4586 Alexander
306 4525 443 4603 Magnus,
460 4525 508 4584 82.
523 4542 574 4601 94,
590 4542 610 4601 9
612 4536 641 4600 5.
