2708 5226
205 591 270 656 188
529 589 706 654 NOVUM
729 586 977 654 ORGANUM.

202 754 270 825 sibi
289 754 474 823 monstrari
490 753 626 845 aliquid
643 753 855 844 hujusmodi,
874 753 969 845 quod
986 772 1098 844 opere
1124 771 1200 820 nou
1221 750 1301 820 frus

203 877 288 952 tret,
314 891 433 960 neque
462 871 709 962 experimento
736 869 849 941 fallat.
915 867 1095 950 Secundo,
1123 865 1302 959 exoptabit

203 986 283 1079 quis
299 985 433 1078 aliquid
450 986 517 1056 sibi
534 986 720 1080 praeseribi,
739 986 835 1078 quod
851 987 969 1078 ipsum
986 1007 1060 1054 non
1082 984 1256 1077 astringat
1270 992 1303 1054 et

205 1110 367 1174 ooemeat
392 1101 437 1172 ad
462 1102 583 1172 media
605 1102 777 1195 quaedam,
805 1111 843 1171 et
868 1101 993 1171 modos
1025 1100 1203 1193 quosdam
1228 1122 1303 1192 ops·

205 1217 306 1290 randi
324 1216 563 1310 particulares.
598 1214 763 1286 Fortasse
788 1218 885 1286 euim
907 1216 1140 1297 destituetur,
1158 1237 1227 1285 nee
1251 1214 1305 1284 ba·

205 1333 307 1405 bebit
331 1331 552 1412 facultatem,
570 1344 610 1404 et
634 1330 938 1412 commoditatem,
957 1329 1044 1401 talia
1069 1329 1194 1401 media
1217 1351 1305 1400 eom·

207 1448 353 1542 parandi
370 1456 409 1518 et
424 1448 647 1541 procurandi.
699 1446 804 1529 Quod
826 1447 947 1516 sisiot
969 1454 1009 1517 et
1030 1445 1103 1516 alia
1128 1445 1256 1525 medin,
1272 1454 1305 1514 ot

207 1563 269 1635 alii
293 1564 391 1634 modi
417 1562 560 1656 (praeter
581 1562 670 1633 illud
696 1566 928 1655 preceptum)
953 1560 1209 1656 progigueudoe
1232 1559 1304 1631 talis

207 1689 362 1765 naturae;
387 1702 429 1750 ea
447 1679 594 1750 fortasse
616 1701 661 1749 ex
679 1680 721 1750 iis
742 1686 857 1759 erunt,
875 1701 953 1769 quae
976 1678 1117 1748 suntin
1135 1676 1305 1771 operantis

208 1804 407 1888 potestate;
433 1795 599 1887 aquibus
615 1794 847 1865 nibilominus
864 1816 929 1887 per
943 1795 1129 1887 augustius
1146 1794 1305 1887 praeoepti

209 1908 431 1994 excludetur,
457 1933 526 1982 neo
551 1911 708 1981 fmotum
732 1910 861 2002 capiet.
922 1908 1057 1990 Tertio,
1083 1908 1228 2001 optabit
1249 1906 1305 1978 uli·

210 2025 295 2117 quid
313 2026 379 2096 sibi
397 2027 594 2108 monstrari,
612 2025 707 2118 quod
732 2048 806 2095 non
830 2027 877 2095 sit
900 2047 1000 2116 oeque
1019 2023 1167 2095 diffieile
1188 2046 1230 2095 ao
1251 2020 1306 2092 illo

209 2143 286 2234 ipsa
308 2142 466 2235 operatio
484 2143 529 2213 de
546 2164 617 2234 qua
639 2142 838 2233 inquiritur,
855 2140 918 2212 sed
936 2141 1081 2234 propius
1102 2139 1250 2212 aoeedat
1266 2137 1307 2209 ad

211 2279 350 2349 praxrn.

248 2369 377 2464 Itaque
393 2372 440 2442 de
457 2381 633 2466 proeoepto
646 2395 730 2445 vero
742 2381 781 2444 et
794 2372 954 2465 perfeeto
970 2370 1142 2463 operandi
1158 2391 1306 2464 pronun·

211 2490 343 2559 tiatum
366 2488 435 2559 erit
461 2487 556 2572 tale;
589 2486 636 2560 Ut
660 2488 707 2558 sit
732 2496 873 2573 mum,
891 2485 1046 2570 liberum,
1066 2494 1098 2558 et
1120 2486 1306 2581 disponunt,

209 2604 280 2674 aive
294 2605 334 2674 ia
351 2601 474 2674 ordine
491 2601 539 2673 nd
554 2603 731 2674 actionem.
783 2602 906 2695 Atque
923 2603 992 2675 lroo
1009 2603 1128 2695 ipsum
1146 2602 1243 2673 idem
1259 2608 1306 2669 est

211 2744 293 2791 oum
321 2721 526 2790 inventione
554 2720 675 2791 formae
701 2744 802 2790 verae.
864 2720 1010 2790 Etenim
1039 2720 1154 2789 foruna
1182 2727 1306 2788 naturae

211 2836 360 2928 alicujus
378 2835 457 2906 talis
474 2845 538 2919 est,
557 2846 607 2919 nt,
626 2859 669 2907 ea
690 2837 816 2928 posita,
835 2845 961 2906 natura
978 2836 1063 2906 data
1079 2833 1308 2906 infallibiliter

215 2962 391 3044 sequatur.
445 2951 572 3043 Itaque
602 2952 702 3022 adest
728 2961 909 3044 perpetuo,
936 2952 1077 3041 quando
1103 2959 1232 3020 natura
1255 2948 1308 3018 illa

214 3071 325 3152 adest,
359 3078 466 3160 atque
497 3092 577 3139 eam
607 3069 853 3140 universaliter
886 3068 1048 3150 affirmat,
1079 3077 1191 3160 atque
1225 3068 1308 3136 inest

215 3187 324 3257 omni.
377 3184 515 3255 Eadem
541 3185 655 3254 forma
680 3184 761 3255 talis
790 3195 856 3268 est,
884 3195 934 3268 ut,
961 3207 1005 3256 ea
1031 3192 1162 3266 amota,
1190 3191 1310 3254 natura

217 3303 300 3373 data
312 3300 545 3372 infallibiliter
559 3301 684 3395 fugiat.
712 3300 842 3393 Itaque
859 3301 959 3372 abest
976 3309 1161 3394 perpetuo,
1175 3299 1309 3392 quando

216 3429 343 3490 natura
359 3417 420 3488 illa
437 3419 546 3500 abest,
560 3440 711 3510 eamque
728 3428 900 3512 perpetuo
917 3419 1083 3511 abnegat,
1096 3425 1208 3508 atque
1226 3418 1311 3487 inest

217 3535 294 3606 soli.
332 3534 529 3617 Postremo,
547 3533 659 3604 forma
676 3557 758 3604 vera
776 3535 856 3604 talis
874 3543 938 3616 est,
956 3543 999 3604 ut
1015 3543 1181 3604 naturam
1198 3533 1311 3603 datam

217 3675 263 3722 ex
283 3652 381 3721 fonte
404 3650 523 3743 aliquo
547 3652 711 3722 essentiae
735 3651 899 3733 deducat,
917 3674 998 3742 quae
1024 3651 1118 3720 inest
1143 3649 1311 3743 pluribus,

217 3778 255 3839 et
277 3769 394 3838 notior
417 3777 472 3838 est
496 3775 630 3837 naturae
651 3769 707 3858 (ut
732 3767 940 3860 loquuntur)
960 3788 1067 3862 quam
1093 3766 1170 3859 ipsa
1195 3765 1311 3836 forma.

218 3882 345 3975 Itaque
362 3883 408 3953 de
431 3885 611 3953 axiomata
628 3907 710 3955 vero
728 3894 765 3953 et
783 3884 941 3979 perfeeto
959 3883 1093 3954 sciendi
1112 3883 1313 3974 pronuntia·

219 4010 296 4069 tum
314 4007 352 4068 et
369 4007 580 4091 praeceptum
606 3998 678 4072 tale
704 4009 779 4083 est;
806 4007 844 4071 ut
868 3999 1066 4072 inveniatur
1082 4006 1211 4069 natum
1236 3995 1313 4079 ulia

219 4138 297 4210 quar
312 4113 359 4185 sit
376 4138 451 4185 cum
469 4125 596 4186 antara
613 4115 695 4187 dota
712 4114 951 4199 convertibilis,
969 4125 1001 4186 et
1021 4124 1133 4186 tomen
1156 4115 1204 4186 sit
1226 4112 1314 4184 limi·

219 4232 305 4303 tutio
330 4238 466 4302 nulum
490 4232 647 4318 notioris,
670 4234 782 4304 instar
797 4233 936 4331 qnaeris
961 4231 1045 4304 veri.
1097 4231 1174 4303 Ista
1198 4240 1315 4302 autem

219 4350 292 4420 duo
317 4349 554 4440 pronuntiata,
578 4351 735 4421 activum
763 4360 800 4421 et
826 4349 1160 4442 contemplativum,
1183 4370 1240 4418 res
1263 4369 1316 4416 ea

220 4465 302 4537 dem
320 4473 424 4547 suut3
450 4473 488 4537 et
505 4467 599 4557 quod
617 4467 655 4538 in
673 4468 851 4561 operando
869 4465 1109 4548 utilissimum,
1126 4464 1164 4536 id
1177 4517 1179 4522 -
1191 4465 1230 4535 iu
1255 4461 1315 4535 soi·

220 4582 312 4652 endo
329 4582 561 4652 verissimum.
