2708 5226
126 573 193 637 200
452 569 627 637 NOVUM
649 568 898 635 ononNUM.

126 737 303 809 instantiae
327 735 497 809 solitnrn'ae
521 745 605 808 aunt
629 738 807 828 prismata,
829 757 983 830 gemmae
1009 733 1216 828 crystallinae,

126 878 205 947 quoe
221 855 377 925 reddunt
394 853 541 936 colores,
558 875 630 924 non
654 852 770 923 solum
787 853 824 922 in
841 874 891 934 ae,
908 851 973 922 sed
992 852 1149 923 exterius
1170 873 1218 920 su·

127 993 189 1063 pra
206 972 391 1065 parietem.
444 969 538 1040 Item
556 990 662 1051 rores,
679 965 746 1040 dcc.
799 966 882 1039 Istae
899 968 1000 1038 enim
1024 966 1077 1037 nil
1100 965 1218 1036 habent

126 1109 317 1158 commune
334 1109 417 1157 cum
435 1085 610 1156 coloribus
626 1085 708 1157 fixis
725 1087 763 1156 in
779 1082 940 1170 floribus,
957 1084 1114 1178 gemmis
1138 1082 1219 1153 eolo

126 1202 221 1283 ratis,
239 1201 404 1284 metallis,
421 1200 538 1296 lignis,
552 1199 617 1272 &c
635 1209 763 1293 praeter
780 1202 896 1293 ipsum
914 1199 1088 1272 colorem.
1122 1197 1217 1269 Unde

126 1318 231 1390 facile
249 1317 440 1413 colligitur,
459 1320 553 1412 quod
570 1319 667 1391 color
690 1319 741 1390 nil
767 1317 865 1390 aliud
891 1319 940 1389 sit
957 1339 1068 1411 quam
1094 1314 1217 1387 modifi-

126 1438 220 1508 catio
237 1437 401 1532 imaginis
424 1436 513 1507 luois
530 1436 693 1506 immissae
710 1443 749 1507 et
765 1443 940 1528 recepte:
966 1435 1006 1504 in
1032 1434 1148 1528 priore
1165 1455 1217 1526 go

126 1575 224 1636 nere,
240 1574 304 1646 per
319 1554 449 1647 gradus
467 1553 621 1623 diversos
638 1550 861 1634 incidentiae3
888 1548 926 1620 in
943 1551 1149 1644 posteriore,
1164 1571 1216 1641 per

127 1675 289 1738 texturas
306 1677 344 1738 et
360 1667 627 1739 schematismos
644 1666 759 1737 varios
781 1667 948 1758 corporis.
1002 1665 1088 1737 lstoe
1108 1674 1214 1736 autern

127 1780 307 1853 instantiae
323 1792 408 1854 sunt
424 1782 593 1855 solitarie
609 1790 783 1876 quatenus
799 1783 843 1853 ad
862 1782 1148 1854 similitudinem.

178 1896 314 1970 Rursus
331 1900 368 1968 in
385 1899 510 1970 eadem
528 1899 766 1992 inquisitione,
784 1921 883 1969 rente
900 1898 1082 1970 distinctae
1103 1897 1169 1970 albi
1184 1906 1213 1970 et

126 2014 218 2107 nigri
236 2016 273 2085 in
290 2015 535 2101 marmoribus,
553 2023 592 2086 et
608 2016 865 2108 variegationes
890 2015 1055 2087 colorum
1076 2018 1113 2088 in
1137 2015 1213 2087 dori·

127 2128 193 2201 hus
211 2132 370 2225 ejusdem
388 2134 529 2224 speciei,
547 2141 630 2204 sunt
656 2130 833 2202 instantiae
856 2129 1039 2205 solitariae.
1090 2130 1209 2203 Album

126 2248 223 2318 enim
240 2258 279 2320 et
295 2250 437 2343 nigrum
463 2249 655 2329 marmoris,
675 2256 713 2318 et
737 2247 886 2319 maculoe
911 2247 985 2321 albi
1002 2259 1042 2322 et
1063 2247 1210 2345 purpurei

126 2363 161 2434 in
192 2363 338 2437 floribus
369 2361 628 2459 caryophylliss,
654 2366 873 2436 conveniunt
898 2365 975 2437 fere
1000 2366 1040 2437 iu
1066 2364 1210 2437 omuibus

125 2491 253 2573 practer
271 2483 383 2575 ipsum
403 2481 569 2552 colorem.
616 2479 724 2552 Unde
742 2480 846 2551 facile
863 2479 1056 2576 colligitur,
1074 2481 1209 2554 colorem

126 2622 196 2667 non
222 2598 377 2668 multum
399 2599 450 2669 rei
475 2598 605 2669 habere
630 2621 713 2668 cum
739 2599 873 2669 naturis
898 2598 1051 2692 alicujus
1077 2597 1211 2692 eorporis

126 2715 336 2795 intrinsecis,
355 2715 417 2785 sed
435 2724 574 2785 tantum
595 2717 704 2785 situm
722 2737 798 2784 esse
825 2716 862 2783 in
887 2717 1050 2807 positura
1076 2717 1209 2808 partium

126 2832 284 2901 crassiori
315 2842 353 2901 et
384 2835 481 2924 quasi
514 2832 731 2903 mechanica
785 2830 868 2902 lstae
897 2841 1021 2904 autem
1054 2830 1211 2903 inundo

126 2957 209 3017 sunt
225 2946 405 3033 solitariae,
424 2958 600 3043 quatenus
624 2950 669 3019 ad
697 2950 983 3041 discrepantiam.
1038 2949 1210 3041 Utrunque

126 3074 247 3136 autem
272 3089 394 3160 genus,
422 3067 606 3138 instantiae
631 3064 808 3137 solitarias
833 3064 1014 3158 appellare
1045 3064 1211 3137 consueri-

127 3205 216 3263 mus,
234 3180 488 3279 autferinasv,
505 3191 648 3277 sumpto
667 3182 838 3254 vocabulo
856 3183 902 3252 ab
919 3186 1141 3256 astronomis.

178 3430 278 3501 luter
304 3433 549 3524 praerogativas
579 3328 839 3513 indtdrlllmm,
866 3453 1042 3522 ponemus
1072 3430 1212 3504 secundo

126 3545 205 3617 loeo
224 3546 408 3617 tententiae
424 3544 654 3643 migrannsffl.
707 3544 768 3615 Eae
785 3556 877 3628 suut,
894 3546 932 3616 in
950 3548 1080 3639 quibus
1103 3559 1213 3620 natura

125 3720 173 3766 out
185 3711 231 3766 the
244 3712 428 3783 composition
441 3714 472 3768 ol
484 3713 574 3786 light.
612 3712 655 3768 cf.
733 3711 758 3751 ⁴⁹
776 3712 1055 3771 Instencesinrrhich
1067 3736 1119 3773 one
1130 3718 1216 3791 quality

128 3788 282 3844 Herschel’s
293 3791 446 3856 Discourse,
460 3794 475 3862 t
487 3794 519 3847 18
531 3791 584 3847 and
595 3805 655 3862 275.
697 3790 820 3846 vanishee
838 3810 867 3846 as
883 3793 996 3849 another
1014 3794 1038 3851 is
1056 3797 1178 3862 induoed,
1191 3811 1215 3850 ⁰1

127 3868 243 3922 Bacon'a
275 3881 388 3924 account
420 3872 582 3943 approachea
611 3870 657 3925 the
696 3871 723 3924 in
745 3870 832 3925 which
853 3888 904 3926 one
924 3874 1025 3945 quality
1045 3875 1177 3933 deornm
1194 3891 1217 3930 nr

126 3946 210 4010 nuth,
223 3947 276 4000 and
288 3948 374 4003 shews
385 3961 460 4020 great
471 3950 646 4005 ahrerrduese·
696 3956 808 4012 another
818 3959 958 4015 inorenses.
989 3961 1085 4017 Water
1096 3963 1218 4035 changlng

165 4023 190 4063 ⁴⁶
226 4025 426 4097 Carycpbpllnn‚
463 4029 667 4102 nopoopriitllon,
697 4036 754 4090 into
768 4036 867 4102 Steam,
880 4038 980 4094 orinto
993 4039 1047 4105 lce,
1061 4043 1150 4098 would
1165 4043 1219 4098 het

127 4102 173 4158 the
187 4103 452 4177 Olore-Gillydower.
697 4114 746 4169 lair
752 4116 881 4186 example.
898 4116 965 4170 Thia
974 4119 1044 4174 class
1053 4120 1085 4175 ol
1092 4121 1219 4177 Instanoet

162 4181 187 4222 ⁴⁷
205 4183 314 4237 Ferinoe.
352 4184 445 4240 lhave
457 4197 511 4242 met
522 4188 587 4243 with
606 4207 656 4243 no·
697 4193 859 4264 approachea
879 4213 943 4267 very
963 4198 1055 4269 nearly
1074 4204 1105 4255 to
1123 4200 1168 4256 the
1185 4200 1220 4255 in·

126 4260 205 4328 thing
214 4260 271 4314 that
280 4261 378 4317 throws
390 4264 459 4334 light
468 4284 503 4320 on
512 4267 654 4322 thisword.
698 4272 1131 4343 vestigationoihteutProeeos.
1153 4280 1220 4351 Pny-

128 4339 185 4394 Gan
197 4341 218 4393 it
230 4339 298 4394 refer
310 4350 338 4395 to
350 4342 418 4397 such
430 4343 615 4416 irregularities
627 4365 657 4401 aa
698 4350 755 4415 iair,
775 4352 885 4424 Eucycl.
904 4352 970 4407 Brit
986 4355 1074 4423 (Dice.
1082 4358 1119 4413 iii.
1132 4360 1221 4431 p4dn)

126 4418 171 4472 the
189 4418 234 4472 old
252 4428 431 4476 astronomera
449 4423 586 4488 observed,
603 4425 656 4480 and
697 4445 758 4501 says
775 4430 806 4485 ol
819 4431 895 4486 these
912 4431 1056 4500 instanoes,
1071 4442 1088 4468 ‘⁸
1096 4437 1170 4495 Such
1185 4455 1223 4492 arc

127 4496 207 4552 could
230 4506 277 4551 not
301 4498 397 4555 reduce
423 4500 480 4556 into
505 4514 656 4574 agreement
696 4508 742 4563 the
761 4508 848 4564 Shells
866 4510 953 4565 which
965 4530 1004 4567 we
1022 4532 1068 4570 see
1085 4534 1117 4571 eo
1135 4517 1223 4590 perient

126 4576 190 4632 with
203 4576 271 4632 their
282 4582 401 4648 system?
697 4588 723 4642 in
749 4587 833 4658 figure
856 4589 908 4645 and
933 4600 1069 4650 snunure
1093 4597 1123 4651 in
1144 4597 1222 4652 lime·
