2708 5226
220 604 285 678 196
543 603 720 670 NOVUM
742 603 990 670 ORGANUM.

220 770 353 861 Quarta
376 767 572 866 differentia
593 778 648 840 est
663 768 881 842 modificatio
903 770 1050 862 prioris:
1077 768 1153 841 baeo
1175 769 1298 850 soiboet,

269 889 363 980 quod
388 897 506 958 motus
527 885 588 956 ille
613 884 866 958 stimulationis
890 895 955 957 aut
980 886 1233 980 penetrationis
1254 886 1301 956 de

269 1005 353 1077 beot
370 1027 447 1076 esse
469 1003 632 1075 nonnihil
655 1003 798 1097 rupidus
818 1011 855 1074 et
872 1003 1022 1075 minime
1045 1003 1190 1092 lentus;
1213 1013 1302 1096 atque

197 1123 201 1129 ’
271 1123 334 1193 liat
359 1122 466 1193 etism
489 1144 553 1214 per
573 1119 773 1213 particulas,
791 1118 877 1190 lieet
902 1121 1082 1206 miuutns3
1109 1131 1303 1192 tamennon

270 1237 314 1307 nd
332 1245 531 1307 extremum
549 1236 796 1318 subtilitatem,
813 1237 876 1306 sed
894 1237 995 1329 qussi
1012 1235 1234 1332 majusculus.

320 1352 534 1423 Ostenditur
562 1351 638 1422 haeo
665 1348 863 1447 differentia
889 1354 926 1423 iu
951 1355 1217 1448 computatione
1239 1374 1306 1445 opo

270 1493 350 1541 rum
374 1494 455 1563 quae
481 1469 557 1540 edit
578 1469 782 1563 igniacum
807 1469 850 1540 iis
876 1492 954 1561 quae
979 1470 1056 1541 edit
1083 1479 1226 1565 tempus
1248 1470 1306 1540 sive

270 1596 365 1659 setus.
417 1586 518 1657 AEtns
548 1588 643 1657 enim
675 1588 748 1657 sive
775 1593 918 1679 tempus
949 1586 1109 1670 arefacit,
1136 1587 1305 1669 consumit,

271 1705 420 1787 subruit,
450 1713 488 1774 et
518 1703 701 1785 incinerat,
732 1724 805 1772 non
836 1704 954 1774 miuus
984 1726 1093 1795 quum
1120 1705 1231 1798 iguis:
1263 1701 1306 1773 rel

271 1819 390 1909 potius
414 1817 518 1911 longe
536 1816 724 1887 subtilius:
750 1816 813 1887 sed
830 1818 914 1910 quin
936 1826 1057 1890 motus
1082 1819 1253 1912 ejusmodi
1267 1826 1307 1888 est

246 1931 390 2004 ,lentus
413 1932 617 2015 admodum,
636 1943 673 2002 et
690 1954 754 2026 per
776 1933 968 2024 porticulus
985 1933 1091 2006 vuldo
1114 1935 1237 2020 exiles,
1252 1955 1307 2005 non

272 2049 466 2142 percipitur
482 2048 589 2120 calor.

322 2164 536 2236 Ostenditur
561 2166 670 2237 etiam
700 2164 737 2234 in
762 2167 1026 2259 comparatione
1053 2168 1306 2240 dissolutionum

273 2283 355 2353 ferri
378 2292 416 2355 et
436 2278 555 2353 nuri37.
606 2281 746 2352 Aurum
769 2283 866 2354 enirn
887 2283 1093 2356 dissolvitur
1111 2287 1243 2380 ubsque
1265 2306 1306 2355 on·

272 2400 348 2471 lore
375 2400 551 2482 exeitat03
584 2400 716 2471 ferrum
743 2409 865 2472 eutem
891 2424 973 2473 cum
1001 2401 1207 2475 vehementi
1231 2402 1308 2476 exti-

274 2519 410 2588 tatione
445 2517 577 2599 caloris,
614 2515 697 2586 lieet
736 2515 841 2587 simili
877 2517 952 2589 fere
986 2518 1177 2592 intervallo
1210 2519 1307 2614 quoad

273 2645 424 2727 tempus.
477 2632 571 2717 Quia
591 2633 727 2705 scilieet
744 2634 780 2702 in
798 2656 894 2718 auro,
913 2636 1091 2729 ingressus
1108 2661 1209 2731 uquae
1228 2659 1307 2730 sepo·

273 2754 419 2823 rationis
440 2761 494 2822 est
512 2750 668 2822 clemens
685 2760 722 2820 et
739 2749 920 2822 subtiliter
943 2753 1137 2837 insinuans,
1156 2764 1195 2826 et
1217 2755 1307 2827 ossio

273 2871 426 2962 partium
445 2869 519 2939 auri
545 2867 676 2940 facilis:
703 2877 741 2937 ut
763 2868 799 2936 in
818 2867 919 2951 ferro,
937 2869 1117 2962 ingressus
1141 2881 1198 2943 est
1217 2893 1307 2965 asper,

274 2998 311 3057 et
337 3009 417 3057 curn
445 2986 624 3067 conflictu,
642 2993 681 3056 et
704 2992 821 3077 partes
848 2985 931 3055 ferri
958 2985 1094 3057 habent
1120 2989 1309 3060 obstinatio

274 3127 356 3175 nem
375 3104 555 3194 majorem.

326 3219 539 3292 Ostenditur
566 3220 672 3290 etium
705 3217 928 3310 aliquatenus
956 3220 994 3289 in
1019 3225 1218 3317 gnugraenis
1241 3244 1310 3294 uon·

274 3338 380 3409 nullis
406 3348 443 3409 et
465 3335 795 3407 mortificationibus
821 3335 1004 3419 eamium3
1030 3361 1110 3429 quae
1136 3363 1208 3412 non
1232 3339 1311 3412 exci-

275 3466 353 3526 tant
376 3477 545 3548 magnum
569 3452 721 3524 calorem
745 3462 808 3522 aut
832 3453 1002 3537 dolorem,
1021 3455 1068 3526 ob
1092 3458 1311 3531 subtilitatem

274 3572 552 3666 putrefactionis.

275 3807 398 3900 Atque
420 3809 499 3879 baeo
525 3809 572 3878 sit
592 3806 713 3902 prima
740 3805 963 3879 vindemiatio
989 3810 1064 3881 sive
1092 3810 1315 3908 interpretatio

227 3923 385 3996 inchoata
409 3926 454 3995 de
478 3924 592 3996 formu
616 3924 732 4007 oulidi,
751 3924 844 3995 facta
867 3947 931 4017 per
952 3926 1217 4019 permissionem
1233 3921 1317 4000 intol-

225 4042 339 4115 lectur.

278 4160 336 4231 Ex
355 4159 622 4232 vindemiatione
640 4168 763 4231 autom
781 4160 849 4231 ista
859 4159 991 4254 primu,
1009 4161 1124 4233 forma
1148 4165 1224 4234 sive
1246 4161 1318 4234 dei·

225 4343 256 4398 ol
276 4343 426 4415 producing
452 4343 530 4398 Hout.
570 4345 628 4400 Tho
652 4343 757 4399 sudden
832 4341 858 4382 ⁸⁷
871 4342 958 4397 'I'heso
971 4360 1108 4414 procosses
1121 4341 1322 4416 (dissolutiones

225 4423 372 4494 expausion
393 4422 423 4477 ol
443 4441 520 4494 gnses
544 4423 613 4478 lrom
634 4441 650 4478 a
672 4423 757 4496 liquid
799 4426 869 4483 Gold
888 4429 924 4501 by
937 4426 1073 4484 Chemicnl
1091 4433 1224 4501 moncia,
1236 4427 1322 4488 sudol

226 4512 292 4556 state
304 4501 360 4556 into
368 4519 469 4572 vapour
480 4502 503 4556 is
516 4502 561 4557 the
573 4511 644 4558 most
656 4519 756 4573 poner-
799 4505 863 4561 Iron
875 4507 911 4579 by
925 4506 995 4562 Hest
1012 4507 1043 4562 ol
1054 4508 1125 4578 lire)
1137 4528 1183 4566 ure
1194 4520 1242 4566 not
1258 4519 1285 4565 to
1294 4507 1322 4562 bo

225 4581 265 4636 lul
286 4598 380 4636 source
402 4579 433 4636 ol
451 4581 511 4636 cold
535 4581 644 4636 known.
688 4581 757 4637 llor-
797 4584 862 4641 thus
875 4585 1016 4658 compared
1028 4587 1161 4659 together.

228 4657 324 4714 sohel's
337 4659 490 4723 Discourse,
504 4662 591 4732 §354
