2708 5226
125 506 191 575 266
456 506 629 574 NOVUM
649 507 904 574 ORGANUM.

126 698 217 748 mus.
269 673 413 747 Deinde
438 673 576 769 pondua
601 672 745 768 spiritns
766 695 849 745 oum
875 672 1001 767 phiala
1016 673 1097 767 ipsa
1112 683 1223 747 emole

126 794 338 866 notavimus.
390 790 521 863 Postea
537 792 690 863 vesicam
707 791 921 883 accepimus,
938 814 1021 884 que
1038 792 1135 862 circa
1149 791 1224 863 ‹lnm

127 911 244 1005 pintae
269 909 479 981 contineret.
532 906 590 978 Ex
615 929 659 977 ea
683 916 803 978 aerem
828 930 988 990 omnem,
1014 909 1136 1000 quoad
1159 909 1224 979 lieri

126 1027 254 1122 potuit,
280 1024 529 1119 expressimus,
555 1045 599 1095 eo
624 1045 738 1115 usque
765 1031 808 1093 ut
834 1024 963 1096 resicae
988 1023 1099 1099 ambo
1125 1023 1225 1095 latera

127 1150 245 1216 emeat
268 1141 462 1236 contigua:
489 1140 600 1212 etiam
626 1140 724 1233 prius
746 1141 902 1213 resinam
925 1141 1012 1212 oleo
1039 1139 1225 1212 obierimns

127 1282 210 1331 cum
226 1257 411 1331 fricatione
431 1255 516 1340 leni,
532 1279 603 1349 quo
621 1256 739 1329 vesica
763 1265 858 1331 emet
879 1255 1062 1340 olausior;
1086 1258 1173 1350 ejus,
1185 1256 1225 1327 si·

127 1399 198 1470 qna
212 1383 299 1458 erat,
318 1374 511 1468 porosit-ste
526 1371 607 1445 oleo
626 1373 801 1446 obturata.
841 1371 950 1445 Hanc
967 1375 1127 1446 vesicam
1142 1373 1225 1443 cirta

127 1517 167 1565 os
192 1490 327 1585 phiale,
345 1514 406 1562 ore
432 1487 557 1583 phiale
582 1489 678 1561 intra
699 1513 741 1561 os
761 1489 886 1561 vesicae
911 1500 1074 1584 recepto,
1092 1490 1225 1563 iomar

127 1609 329 1704 ligavimns;
346 1607 407 1680 filo
424 1628 548 1700 parum
566 1615 697 1689 cerato,
712 1616 756 1678 ut
772 1605 901 1677 melius
915 1605 1179 1681 adhaeraecemt
1191 1613 1225 1677 et

127 1726 257 1798 arctim
273 1725 411 1819 ligaret.
461 1722 553 1794 'lum
574 1724 721 1795 demum
747 1722 901 1816 phialam
927 1747 1039 1818 supra
1062 1723 1225 1797 carbones

59 1845 64 1855 '
126 1841 290 1913 ardentes
313 1841 349 1909 in
376 1839 494 1911 foculo
519 1837 780 1912 collocavimus.
829 1838 882 1911 At
900 1840 1009 1934 paulo
1028 1852 1112 1936 post
1128 1863 1225 1935 vapor

127 1952 202 2025 sive
217 1974 303 2023 aura
320 1952 463 2045 spiritns
483 1952 553 2024 riui
569 1976 633 2046 per
649 1953 802 2026 calorem
824 1953 978 2038 dilatati,
994 1965 1037 2028 et
1059 1958 1099 2027 in
1123 1977 1226 2050 pneu-

126 2067 298 2139 maticum
316 2069 418 2150 versi,
436 2070 593 2141 vesicam
610 2069 783 2162 paulatim
799 2069 967 2156 sufflavit,
984 2095 1140 2166 eamque
1155 2073 1226 2143 uai-

126 2205 265 2256 rersam
281 2183 351 2255 veli
368 2186 479 2257 instar
496 2185 734 2280 undequaque
753 2188 929 2266 extendit
981 2189 1028 2261 ld
1046 2197 1226 2282 postquam

127 2301 262 2375 factum
280 2301 360 2383 fuit,
378 2302 548 2373 continuo
566 2304 697 2375 vitrum
712 2304 762 2379 ab
779 2304 861 2398 igne
875 2305 1110 2389 removimus,
1121 2315 1162 2377 et
1173 2327 1224 2376 su·

126 2440 191 2511 per
203 2425 361 2510 tapetem
377 2417 571 2509 posuimus,
584 2440 630 2490 ne
647 2418 778 2513 frigore
794 2411 1093 2513 disrumperetur:
1111 2422 1224 2495 statim

127 2558 269 2627 quoque
287 2536 323 2605 in
341 2535 546 2607 summitate
561 2537 686 2607 vesicae
703 2537 862 2608 foramen
875 2538 1042 2623 fecimus,
1056 2563 1103 2610 ne
1117 2562 1225 2632 vapor,

128 2660 288 2722 cessante
304 2649 433 2731 calore,
450 2652 487 2721 iu
504 2651 680 2744 liquorem
704 2656 890 2724 restitutus
914 2656 1100 2741 resideret,
1118 2666 1157 2729 et
1179 2679 1226 2726 ra

128 2767 243 2837 tiones
254 2766 496 2838 confunderet.
515 2767 607 2838 Tum
623 2792 705 2841 vero
720 2772 872 2841 vesicam
884 2773 998 2863 ipsam
1013 2775 1225 2855 sustulimus,

128 2892 166 2953 et
178 2906 299 2954 rursus
315 2883 454 2976 pondus
471 2886 678 2978 excepimus
694 2886 836 2978 spiritus
850 2888 922 2957 vini
933 2891 995 2981 qui
1012 2891 1225 2964 remanebat

129 3000 219 3070 lude
248 3010 421 3092 quantum
454 3011 705 3094 consumptum
740 3003 863 3073 fuisset
896 3005 934 3076 in
968 3029 1138 3099 vaporem
1171 3030 1226 3078 seu

127 3117 406 3208 pneumaticum,
424 3120 722 3210 computavimus;
740 3128 778 3189 et
795 3119 888 3190 faeta
905 3120 1109 3207 collatione,
1124 3147 1226 3217 quau·

128 3246 205 3306 tum
225 3234 343 3306 locum
361 3236 434 3306 sive
453 3237 606 3329 spatium
625 3236 713 3307 illud
732 3261 857 3330 corpus
877 3239 1075 3331 implesset,
1092 3243 1227 3335 quaudo

128 3362 221 3426 esset
238 3355 381 3446 spiritus
399 3353 471 3423 vini
490 3355 526 3422 in
543 3352 670 3446 phiala,
690 3364 862 3426 strumus
880 3368 1059 3448 qnantum
1076 3362 1226 3452 spatium

127 3470 339 3565 impleverit,
366 3477 553 3562 postquam
580 3469 715 3541 fantum
744 3471 868 3542 fuisset
897 3477 1170 3565 pneumaticum
1194 3477 1228 3547 iu

129 3591 253 3671 vesica,
280 3588 434 3659 rationes
459 3587 713 3659 subduximus:
746 3612 792 3658 ex
819 3590 948 3682 quibus
973 3594 1167 3666 manifeste
1190 3593 1227 3664 li·

128 3705 270 3798 quebat,
288 3727 415 3795 corpus
441 3704 536 3774 istud
564 3706 615 3774 ita
635 3726 776 3775 versum
793 3714 831 3774 et
848 3714 1030 3777 mutatum
1048 3711 1229 3803 expansio

128 3845 211 3892 nem
237 3819 405 3911 centuplo
431 3821 610 3913 majorem,
629 3844 736 3913 quam
762 3830 868 3893 antea
893 3822 1088 3910 habuisset,
1115 3826 1231 3919 sequi·

127 3938 260 4008 sivisse.

178 4049 352 4122 Similiter
374 4052 422 4122 sit
448 4063 575 4124 natura
601 4055 781 4147 inquisita,
801 4053 896 4124 calor
912 4063 977 4124 aut
1000 4054 1137 4152 frigus3
1161 4060 1230 4152 ejus

128 4190 258 4261 nempe
274 4168 414 4260 gradus,
432 4177 473 4239 ut
489 4194 511 4240 a
527 4193 632 4241 sensu
649 4194 720 4242 non
746 4172 988 4264 percipiantur
1004 4172 1053 4242 ob
1071 4174 1229 4245 debiliter·

130 4294 214 4358 tem.
268 4283 356 4354 Haec
382 4285 609 4357 deducuntur
626 4288 675 4358 ad
703 4310 845 4359 sensum
871 4309 935 4380 per
958 4287 1094 4360 vitrum
1117 4290 1229 4363 calen-

129 4403 224 4481 dare,
237 4400 342 4493 quale
359 4404 519 4495 superius
537 4405 793 4499 descripsimus.
821 4403 927 4476 Calor
938 4406 1038 4477 euim
1055 4415 1096 4479 et
1113 4407 1227 4504 frigus,

130 4520 205 4614 ipsa
230 4541 300 4590 non
327 4519 568 4613 percipiuntur
591 4522 637 4592 ad
662 4531 820 4593 tactum:
846 4530 885 4592 at
910 4520 1008 4596 calor
1028 4525 1149 4597 aerem
1171 4546 1228 4596 ex·
