2708 5226
218 578 262 645 60
541 578 715 644 NOVUM
739 576 990 643 ORGANUM.

218 743 313 815 orbis
331 745 538 836 provincias,
557 767 603 816 ne
627 766 691 837 per
713 742 878 813 auditum
904 765 990 814 sane
1014 750 1079 813 aut
1104 741 1230 813 famam
1251 743 1299 814 sli-

218 883 324 953 quam
348 870 482 932 certam
505 871 543 932 et
566 869 800 941 constantem,
818 869 984 931 nossent:
1011 861 1085 929 imo
1111 867 1149 929 et
1170 859 1300 952 plurim

218 975 362 1046 climata
391 985 429 1047 et
458 999 564 1060 zonae,
589 978 625 1046 in
651 976 780 1069 quibus
810 974 932 1068 populi
962 974 1095 1045 infiniti
1127 976 1301 1068 spirantet

218 1092 366 1187 degunt,
380 1102 549 1186 tanquam
567 1092 816 1164 inhabitabiles
833 1093 879 1164 ab
896 1091 966 1163 illis
985 1095 1214 1186 pronuntiata
1227 1096 1300 1165 siut:
1342 1172 1344 1195 Ι

218 1212 413 1303 quinetiam
439 1213 740 1304 peregrinationes
766 1208 976 1291 Democriti,
996 1208 1170 1290 Platonis,
1192 1209 1302 1304 Pytha·

217 1325 352 1420 gorse⁵⁰,
371 1349 442 1396 non
462 1326 660 1420 longinquae
682 1327 854 1418 prolecto,
872 1327 935 1398 sed
962 1327 1082 1418 potius
1105 1326 1302 1409 suburbana,

218 1452 259 1511 ut
275 1465 445 1537 maguum
463 1441 597 1533 aliquid
614 1441 888 1512 celebrarentur.
933 1441 1078 1513 Nostris
1094 1451 1216 1513 autern
1231 1451 1305 1514 ten·
1342 1470 1344 1475 ¹

217 1558 370 1651 poribus,
388 1568 426 1629 et
444 1560 524 1629 novi
542 1558 637 1629 orbis
653 1568 771 1651 partes
795 1558 1008 1651 complures,
1025 1568 1065 1629 et
1083 1561 1213 1631 veteris
1228 1559 1304 1630 orbis

219 1683 379 1744 extrema
405 1675 562 1767 undique
586 1675 833 1756 innotescunt;
859 1684 899 1745 et
922 1676 959 1744 in
981 1675 1165 1745 inlinitum
1187 1676 1305 1770 experi-

218 1798 420 1860 mentorum
444 1789 607 1860 cumulus
633 1792 803 1862 excrevit.
855 1788 975 1874 Quare
1000 1791 1029 1860 si
1057 1813 1104 1860 ex
1130 1792 1305 1862 nativitatis

217 1914 280 1973 aut
309 1904 479 1997 geniturae
508 1915 668 1998 tempore
695 1905 969 2000 (astrologorum
994 1907 1113 1998 more)
1141 1907 1241 2000 signa
1261 1929 1305 1977 ca

219 2021 347 2113 pienda
372 2023 453 2104 sint,
480 2022 530 2091 nil
557 2025 676 2116 magni
704 2022 750 2093 de
776 2025 853 2093 istis
878 2019 1113 2115 philosophiis
1138 2022 1304 2117 significari

219 2137 371 2209 videtur.

676 2262 860 2334 LXXIII.

267 2378 368 2451 Inter
396 2381 505 2473 signa,
536 2380 675 2451 nullum
704 2383 818 2475 magis
847 2390 985 2451 certum
1015 2389 1080 2450 aut
1108 2379 1228 2452 nobile
1252 2387 1304 2460 est

217 2520 323 2590 quarn
350 2496 444 2589 quod
471 2520 517 2567 ex
544 2495 726 2567 fructibus.
779 2495 931 2567 Fructus
957 2497 1053 2565 enim
1078 2505 1118 2567 et
1140 2518 1244 2588 opera
1264 2497 1305 2565 iu·

217 2621 325 2681 venta
354 2635 417 2704 pro
446 2613 595 2682 veritate
621 2611 921 2706 philosophiamm
948 2611 1047 2683 velut
1073 2635 1256 2704 sponsores
1275 2620 1305 2681 et

216 2727 436 2818 fidejussores
461 2739 555 2799 sunt.
605 2726 728 2820 Atque
755 2752 800 2798 ex
827 2727 1059 2821 philosophiis
1083 2730 1160 2799 istis
1183 2728 1305 2800 Gracc

217 2866 307 2928 rum,
327 2854 365 2914 et
382 2844 658 2916 derivationibus
675 2867 796 2915 earum
815 2867 877 2936 per
894 2844 1125 2936 particulares
1143 2845 1305 2923 scientias,

208 2960 286 3051 jam
310 2982 372 3052 per
395 2971 451 3030 tot
471 2983 645 3030 annorum
668 2963 791 3054 spatia,
811 2962 869 3030 vix
896 2984 1008 3030 unum
1032 2963 1305 3054 experimentum

213 3075 340 3147 adduci
364 3086 493 3169 potest,
511 3079 605 3169 quod
632 3078 676 3148 ad
700 3077 886 3148 hominum
913 3085 1047 3146 statum
1073 3076 1306 3148 levandumet

206 3192 406 3284 juvandum
437 3203 583 3286 spectet,
615 3203 653 3263 et
687 3192 915 3287 philosophiae
945 3192 1247 3286 speculationibus
1272 3214 1306 3262 ac

213 3310 437 3404 dogmatibus
458 3333 541 3381 vere
566 3319 754 3404 acceptum
779 3309 902 3380 referri
929 3310 1049 3401 possit.
1104 3307 1220 3401 quue
1237 3306 1306 3379 Cel·

213 3424 301 3497 sns⁵¹
327 3426 482 3521 ingenue
507 3448 548 3496 ac
575 3427 768 3519 prudenter
793 3425 948 3508 fatetur;
974 3426 1158 3512 nimirum,
1180 3425 1306 3519 experi-

212 3553 334 3614 menta
356 3544 540 3613 medicinae
564 3545 677 3636 primo
703 3545 848 3612 inventa
865 3541 983 3624 fuisse,
1001 3564 1042 3611 ac
1060 3552 1186 3634 postea
1202 3540 1306 3612 homi·

213 3682 275 3730 nes
299 3662 455 3730 circaea
480 3659 744 3753 philosophatos
766 3682 852 3741 esse,
871 3670 908 3728 et
932 3681 1054 3729 causas
1075 3658 1260 3754 indagasse
1275 3663 1307 3728 ct

247 3845 273 3885 ⁶⁰
290 3846 348 3901 The
378 3848 474 3901 travels
508 3846 539 3900 ol
572 3845 742 3901 Democritus
783 3845 884 3912 extem)
897 3843 943 3898 the
962 3843 1137 3915 Hippocratis
1160 3838 1309 3899 methodo!

212 3925 323 3980 reached
333 3935 500 3997 overagreat
508 3925 681 3994 partoIAsia,
689 3924 743 3978 and
783 3924 927 3993 observing
951 3922 1003 3977 and
1025 3922 1161 3994 watching
1184 3939 1247 3977 over
1267 3919 1306 3975 the

212 4021 286 4059 sorne
310 4013 377 4058 state
397 4003 455 4057 that
478 4002 512 4056 he
536 4020 601 4056 even
629 4003 740 4058 reached
783 4003 933 4075 operatione
946 4001 977 4057 of
986 4002 1098 4066 Nature,
1110 4002 1306 4072 regulatiugn·

213 4082 290 4138 India
300 4082 352 4137 aud
363 4080 508 4150 AEthi0pia.
526 4079 615 4135 These
624 4082 655 4135 of
665 4082 740 4137 Plato
782 4083 841 4137 ther
853 4081 918 4136 than
930 4081 1063 4152 opposing
1075 4079 1159 4135 them.
1195 4079 1253 4134 The
1265 4095 1305 4132 au·

212 4161 342 4217 extended
356 4160 420 4230 only
432 4168 460 4213 to
474 4158 563 4229 Sicily,
577 4159 674 4232 Egypt,
687 4161 740 4216 aud
781 4162 851 4216 cient
860 4169 959 4231 system
970 4160 1001 4214 οἱ
1010 4155 1304 4226 Medicinewasanepi-

213 4240 325 4312 Cyrene.
362 4238 451 4292 Those
475 4238 506 4292 οἱ
528 4237 691 4310 Pythagoras
712 4250 740 4295 to
780 4250 853 4295 tome
865 4239 895 4294 of
904 4238 950 4293 the
961 4235 1304 4292 Scholasticevilswhiehh

213 4318 311 4391 Egypt,
325 4316 431 4380 Arabia,
448 4315 591 4381 Phoenicia,
608 4317 739 4391 Babylon,
781 4319 826 4373 the
835 4317 934 4372 middle
944 4335 1006 4388 ages
1014 4315 1302 4373 afflietedallscieuoett

211 4398 264 4452 and
276 4395 395 4468 possibly
408 4394 494 4449 India.
781 4416 812 4453 so
830 4397 888 4452 that
903 4414 969 4450 even
984 4396 1070 4450 where
1086 4395 1301 4466 experimentum

246 4477 269 4518 θ’
286 4476 384 4539 Celsus,
395 4473 439 4528 the
452 4473 602 4546 Physiciau,
613 4475 740 4549 probably
781 4494 929 4545 necessary,
937 4493 999 4530 men
1012 4473 1158 4530 sncoeeded
1169 4475 1196 4529 in
1206 4468 1299 4528 render·

210 4557 279 4612 lived
291 4567 319 4612 at
330 4557 377 4612 the
388 4552 535 4624 beginning
546 4555 577 4608 of
591 4553 635 4608 the
648 4554 740 4610 Chris·
780 4557 828 4628 lug
839 4556 860 4610 it
871 4556 968 4610 almost
979 4553 1105 4609 lmitlees.

210 4638 264 4692 tian
283 4654 334 4692 era.
375 4632 419 4687 Hc
436 4631 556 4688 followed
573 4635 613 4700 (to
632 4652 647 4688 a
667 4643 740 4705 great
