2708 5226
491 548 581 614 LIB.
597 549 645 613 11.
660 568 713 634 45.
1093 552 1157 622 279

58 718 204 812 ginquo.
256 714 395 788 Odores
411 739 553 811 qnoque
577 715 678 806 (licet
700 716 738 785 in
763 715 819 786 his
843 714 1006 787 videatur
1022 738 1162 812 semper

58 855 135 905 csse
152 832 314 925 quaedam
333 832 472 904 emissio
489 835 671 927 corporea)
690 839 882 926 operantur
904 831 948 903 ad
975 833 1160 906 distantias

57 948 254 1035 notabilcs3
288 956 332 1018 ut
358 949 500 1019 evenire
528 951 619 1019 solet
645 948 896 1042 navigantibus
921 949 1028 1041 juxta
1057 948 1162 1020 litora

59 1064 224 1148 Florida,
241 1073 304 1136 aut
329 1065 438 1136 etiam
463 1064 634 1136 nonnulla
650 1062 842 1158 Hispania,
860 1064 922 1135 nbi
947 1074 1031 1136 sunt
1055 1065 1161 1158 sylrae

58 1190 145 1254 totae
159 1206 205 1254 ex
217 1182 400 1254 arboribus
417 1180 599 1265 limonum,
609 1176 895 1263 aumatiommffl,
906 1189 945 1251 et
957 1181 1160 1273 hujusmodi

58 1298 263 1393 plantarum
286 1298 521 1381 odoratorum,
545 1307 609 1369 aut
633 1298 778 1370 frutices
802 1298 1027 1380 rorismarini‚
1049 1300 1161 1392 majo·

59 1439 163 1498 ranae,
182 1424 221 1486 ct
237 1413 416 1487 similium.
467 1412 654 1485 Postremo
677 1415 889 1487 radiationes
914 1413 1004 1486 lucis
1028 1423 1068 1485 et
1092 1416 1160 1484 im·

58 1531 258 1623 pressiones
274 1552 441 1601 sonorum
455 1538 646 1623 operantur
663 1529 801 1601 scilicet
817 1528 862 1601 ad
880 1529 1066 1601 distantias
1083 1552 1161 1623 spa·

59 1648 178 1718 tiosas.

109 1760 250 1835 Verum
265 1763 341 1835 haec
358 1764 488 1847 omnia,
504 1771 688 1856 utcunque
704 1772 898 1856 operentur
913 1762 957 1832 ad
975 1761 1160 1836 distantias

57 1902 182 1973 parvas
200 1880 274 1950 sive
291 1903 447 1975 magnas,
460 1891 653 1975 operantur
665 1890 762 1953 certe
779 1879 955 1952 adfinitas
971 1890 1010 1953 et
1027 1891 1161 1953 naturae

58 2003 176 2081 notas,
193 2005 236 2067 ut
258 1999 305 2069 sit
321 1998 490 2090 quiddam
514 2021 583 2070 aco
600 1996 715 2078 altro:
741 1997 848 2088 idque
870 2020 934 2090 pro
955 1997 1161 2082 rationibus,

58 2121 124 2183 ant
149 2112 253 2184 molis
278 2135 340 2184 seu
364 2115 489 2206 quanti
513 2135 711 2207 corporum,
737 2120 800 2203 aut
820 2110 950 2204 vigoris
973 2120 1011 2182 et
1036 2111 1162 2184 debili·

58 2230 146 2300 tatis
167 2229 362 2314 virtutnm3
385 2239 447 2301 aut
472 2230 648 2302 favoribus
674 2237 713 2300 et
737 2227 1003 2321 impedimentis
1026 2229 1162 2299 medio-

58 2367 165 2427 rum;
193 2368 271 2439 quae
297 2348 417 2418 omnia
440 2348 478 2416 in
504 2347 808 2440 computationem
835 2342 955 2412 venire
981 2349 1020 2413 et
1044 2345 1160 2412 notari

58 2461 205 2533 debent.
266 2461 472 2546 Quinetiam
505 2485 679 2534 mcnsurae
712 2469 877 2532 motuum
911 2455 1161 2540 violentorum,

60 2579 166 2672 (quos
189 2579 331 2670 vocant)
354 2588 396 2649 ut
420 2579 619 2662 missilium,
637 2586 908 2661 tormentorum,
936 2580 1161 2657 rotarum-et

57 2695 241 2778 similium,
257 2717 340 2766 cunr
365 2694 419 2765 hae
444 2718 587 2789 quoqne
612 2695 804 2767 manifesto
831 2716 912 2765 suos
937 2692 1093 2764 habeant
1118 2689 1160 2762 li·

57 2813 166 2884 mites
183 2821 310 2894 certos,
326 2813 492 2883 notandae
509 2821 605 2883 sunt.

109 2928 345 2999 Inveniuntur
361 2929 472 3000 ctiam
489 2930 635 3022 quidam
657 2936 777 3001 motus
794 2935 833 3001 et
850 2927 1000 2999 virtutes
1023 2932 1162 2996 contra·

58 3047 121 3118 riae
147 3045 227 3129 illis,
245 3068 324 3138 qnae
349 3054 542 3138 operantur
558 3068 622 3138 per
638 3053 776 3116 tactum
793 3052 832 3118 et
848 3067 920 3115 non
943 3043 989 3114 ad
1006 3043 1140 3113 distans
1150 3066 1160 3130 ;

57 3185 141 3256 quae
167 3170 359 3256 operantur
375 3161 513 3234 scilicet
538 3163 582 3233 ad
609 3160 755 3244 distans,
773 3170 812 3232 et
836 3183 909 3231 non
934 3160 978 3231 ad
1002 3166 1161 3241 tactum;

57 3290 96 3350 et
113 3301 245 3365 rursus,
259 3301 340 3372 quae
357 3288 551 3372 operantur
567 3278 747 3348 remissius
763 3278 807 3348 ad
826 3275 1030 3347 distantiam
1047 3274 1162 3345 mino·

56 3419 144 3481 rem,
163 3404 202 3466 et
219 3394 346 3465 fortius
370 3394 416 3465 ad
441 3392 648 3465 distantiam
673 3393 855 3485 majorem.
907 3389 1055 3461 Etenim
1072 3389 1160 3459 visio

57 3535 132 3584 non
157 3510 251 3582 benc
276 3510 484 3604 transigitur
502 3510 547 3581 ad
566 3517 714 3593 tactum,
731 3508 793 3581 sed
818 3507 958 3602 indiget
983 3505 1100 3576 medio
1122 3515 1161 3575 et

57 3628 238 3700 distantia.
275 3623 394 3697 silicet
419 3627 657 3712 meminerim,
675 3648 734 3697 me
758 3625 896 3696 audisse
919 3645 966 3694 ex
987 3620 1160 3692 relatione

56 3743 245 3840 cujusdam
269 3741 341 3813 fide
366 3743 475 3839 digni,
493 3742 590 3837 quod
617 3744 693 3837 ipsa
720 3743 758 3813 in
785 3739 950 3813 curandis
975 3735 1160 3810 oculorum

56 3883 204 3934 suorum
227 3861 412 3932 cataractis
442 3861 536 3956 (erat
560 3867 683 3933 autem
705 3882 789 3930 cura
814 3857 906 3942 talis,
923 3864 966 3927 ut
990 3854 1162 3926 immitte·

56 3986 159 4050 retur
185 3972 356 4048 festuca⁵⁹
372 3976 536 4069 quaedam
563 3999 673 4071 parva
697 3984 867 4071 argentea
891 3974 986 4045 intra
1011 3972 1161 4066 primam

90 4189 118 4230 ὅθ
136 4189 343 4250 darentiacum:
358 4188 490 4261 Ornngas.
528 4190 554 4245 lt
566 4188 589 4243 is
629 4206 667 4244 on
702 4187 817 4261 English
853 4185 918 4242 Part
951 4183 1006 4240 aad
1041 4184 1161 4241 Prment.

56 4286 91 4323 an
112 4267 232 4323 Arabian
252 4267 326 4323 word
346 4269 467 4338 aaranja,
489 4267 543 4323 and
566 4268 590 4322 is
631 4267 705 4323 lect.
718 4267 737 4323 i,

57 4347 115 4403 said
133 4357 163 4402 to
182 4347 216 4402 bc
235 4347 375 4419 originally
393 4345 501 4402 derived
520 4347 590 4402 irorn
666 4345 693 4386 ⁵⁹
710 4345 821 4401 aarum
832 4345 855 4400 is
867 4344 914 4400 tho
926 4343 1014 4400 Graclr
1026 4343 1163 4415 adponat

56 4425 102 4482 tlrc
117 4425 248 4481 Smscrit.
285 4425 383 4496 (Notas
400 4425 454 4481 and
468 4424 590 4489 Queries,
631 4434 757 4490 motam
771 4425 811 4480 bit
827 4424 859 4480 oi
872 4433 966 4487 stram
984 4420 1056 4486 herc,
1069 4437 1086 4475 a
1100 4437 1162 4475 ncc-

57 4504 111 4561 No.
125 4504 200 4577 278.)
247 4503 346 4559 maon
365 4505 389 4561 is
407 4504 465 4560 also
483 4504 542 4560 said
561 4513 592 4558 to
631 4503 684 4560 dle.
712 4502 813 4560 ltisto
825 4503 858 4560 bc
870 4500 958 4558 sarred
969 4500 1027 4556 that
1038 4498 1084 4553 tho
1094 4498 1162 4570 pati·

56 4601 132 4640 come
144 4584 215 4640 from
227 4582 273 4638 tha
286 4583 392 4639 Arabia.
422 4583 473 4639 ste
483 4581 591 4640 Trcnclr
630 4576 1162 4640 cnt’sdcclarrtionwaanotworthmuclr.
