2708 5226
326 21 1258 433 -

126 575 190 640 186
455 575 628 640 NOVUM
651 574 898 639 ORGANUM.

174 837 260 910 Jam
283 861 366 910 vero
396 738 755 933 proponendydmwdelt·
783 837 992 932 exemplum
1020 833 1202 909 adaiae

124 957 198 1029 sive
215 954 410 1049 rejectionis
427 967 633 1028 naturarum
645 953 682 1039 ¹⁹,
699 979 777 1048 quae
800 977 862 1048 per
879 951 1012 1026 tubulus
1031 976 1205 1048 temporeo·

126 1071 186 1144 tice
202 1073 427 1164 reperiuntur
443 1096 514 1145 non
532 1096 608 1144 esse
626 1096 674 1144 ex
691 1072 805 1143 forma
823 1070 952 1153 ealidi3
978 1069 1068 1142 illud
1085 1071 1206 1141 interim

126 1189 318 1273 monendo,
335 1211 408 1260 non
428 1188 544 1260 solum
568 1189 728 1260 suffioere
745 1186 902 1282 singulas
919 1184 1052 1258 mbulet
1068 1187 1112 1259 ad
1127 1185 1209 1279 rp‘eo

127 1306 252 1377 timeam
279 1304 428 1398 alicujus
457 1314 601 1388 nature,
632 1305 695 1377 sed
725 1307 835 1375 etiarn
865 1327 1151 1397 unamquamque
1174 1325 1209 1372 er

127 1423 305 1493 instantiis
330 1421 575 1516 singularibus.
591 1424 628 1492 in
654 1419 726 1491 illis
752 1421 940 1493 contentia
994 1419 1210 1492 Manifestum

127 1538 225 1609 enim
242 1546 298 1609 est
315 1559 360 1608 ex
378 1539 434 1622 iis,
450 1562 529 1631 quae
545 1538 751 1620 dictasunt,
769 1560 915 1609 omnem
932 1536 1134 1607 instantium
1149 1557 1211 1606 one

128 1650 368 1725 trodiotorioso
386 1655 568 1726 destruere
585 1653 764 1747 opinabile
781 1655 827 1724 de
845 1654 969 1725 forma
1013 1651 1089 1725 Sed
1103 1649 1213 1722 nihilo

128 1770 248 1839 miuus
290 1769 502 1861 quandoque
544 1771 806 1864 perspicuitatis
839 1791 954 1852 causa,
989 1778 1028 1838 et
1067 1776 1109 1838 ut
1146 1788 1213 1836 mne

128 1881 322 1955 olomeo
340 1884 468 1957 elanus
486 1886 759 1970 demonstretur,
773 1882 982 1958 exclusivum
1000 1882 1213 1977 duplicamus

128 2010 193 2072 aut
209 2002 414 2092 repetimus.

180 2226 402 2322 Exemplum
418 2224 611 2312 exclusiva,
629 2230 702 2299 sire
718 2228 912 2322 rejectionis
936 2237 1175 2301 mmrosuma

557 2344 672 2416 forma
688 2343 806 2415 calidi.

157 2465 190 2530 1.
217 2455 288 2531 Per
304 2460 420 2532 radios
436 2460 530 2544 solis,
547 2460 650 2554 mla
666 2469 830 2532 naturam
847 2460 1105 2534 elementarem
1114 2458 1151 2530 ²⁰.

156 2582 190 2647 2.
217 2575 288 2647 Per
311 2577 430 2671 ignem
452 2599 689 2658 communem,
708 2586 745 2646 et
766 2579 922 2648 maxime
943 2599 1008 2669 per
1029 2579 1128 2671 ignes
1148 2574 1216 2645 sub

219 2702 399 2764 terraneos
415 2694 491 2784 (qui
509 2693 735 2763 remotissimi
753 2704 847 2775 sunt,
862 2702 900 2762 et
915 2692 1109 2785 plurimum
1123 2695 1217 2763 iuter·

220 2808 414 2879 eluduntur
437 2833 459 2880 a
484 2809 589 2880 radiis
615 2809 831 2902 coelestibus)
849 2808 951 2901 rp'ioe
975 2819 1138 2880 naturam
1161 2831 1217 2879 cte

219 2923 357 2994 lestem.

155 3043 189 3108 3.
216 3036 286 3110 Per
308 3038 580 3110 calefactionem
604 3041 835 3132 omnigenum
858 3063 1047 3133 corporum
1069 3041 1150 3134 (hoo
1166 3048 1218 3120 est

217 3154 453 3237 mineralium
467 3155 731 3248 vegetabilium,
749 3158 904 3248 partium
921 3159 1142 3227 exteriorum
1157 3156 1220 3227 ani·

218 3270 376 3354 melium,
394 3293 505 3362 aquea,
523 3270 603 3353 olei,
622 3271 719 3352 a'e‘ris,
738 3279 776 3341 et
796 3270 1029 3364 reliquorum)
1048 3295 1094 3343 ex
1111 3293 1222 3365 appro

216 3388 411 3459 ximatione
429 3386 504 3458 sola
520 3388 566 3458 ad
584 3390 705 3482 ignem
722 3399 787 3459 aut
803 3388 900 3459 aliud
918 3411 1047 3483 eorpus
1064 3389 1222 3472 calidum

217 3502 320 3597 rafica
332 3525 476 3574 omnem
490 3505 709 3586 varietatem,
725 3506 800 3575 sive
816 3504 1040 3576 subtiliorem
1054 3514 1222 3577 texturam

217 3643 413 3713 corporum.

155 3738 190 3803 4.
219 3734 289 3806 Per
306 3737 439 3806 ferrum
463 3746 501 3807 et
524 3734 670 3808 metalla
693 3737 815 3829 ignita,
833 3760 911 3829 quae
928 3737 1145 3809 calefaciunt
1165 3737 1225 3808 alia

218 3874 374 3943 corpora,
393 3875 460 3923 nee
477 3866 598 3924 tamen
615 3853 761 3924 omnino
781 3854 939 3946 pondere
955 3864 1022 3924 aut
1037 3853 1226 3925 substantia

217 3967 451 4048 minuuntur;
478 3967 580 4060 rq't'oe
602 3968 814 4038 inditionem
837 3970 912 4038 sive
935 3970 1132 4040 mixturam
1155 3968 1227 4040 sub

218 4083 357 4152 stantiae
374 4083 520 4155 alterius
537 4085 653 4156 calidi.

156 4201 191 4267 5.
219 4196 289 4269 Per
313 4221 442 4291 aquarn
469 4202 681 4288 ferventem,
704 4211 813 4294 atque
839 4203 967 4284 adrem,
991 4210 1101 4295 atque
1127 4204 1227 4275 etiam

167 4435 192 4475 ¹⁹
204 4434 336 4508 carrying
354 4447 403 4492 out
421 4437 466 4493 the
487 4440 614 4512 principle
634 4441 665 4496 of
703 4439 789 4495 under
813 4458 864 4495 one
884 4441 916 4496 of
936 4440 982 4496 tha
1006 4442 1068 4497 four
1092 4442 1228 4498 Elesnmb.

129 4515 265 4587 operation
277 4514 332 4570 laid
340 4514 420 4570 down
431 4517 460 4571 in
476 4516 514 4572 ΙΙ.
530 4518 571 4573 1⁶.
705 4520 731 4574 lt
753 4521 778 4574 is
800 4521 906 4592 usually
930 4520 1076 4577 mamhted
1102 4521 1228 4577 “Terres-

166 4592 192 4633 ²⁰
204 4593 277 4650 Such
295 4613 311 4650 a
329 4604 422 4650 nature
440 4614 469 4651 as
482 4597 570 4652 would
588 4616 663 4653 come
703 4599 793 4654 trial.”
