<?xml version="1.0" encoding="UTF-8"?>
<!DOCTYPE html PUBLIC "-//W3C//DTD XHTML 1.0 Transitional//EN"
    "http://www.w3.org/TR/xhtml1/DTD/xhtml1-transitional.dtd">
<html xmlns="http://www.w3.org/1999/xhtml" xml:lang="en" lang="en">
 <head>
  <title>
</title>
<meta http-equiv="Content-Type" content="text/html;charset=utf-8" />
  <meta name='ocr-system' content='tesseract 3.04.00' />
  <meta name='ocr-capabilities' content='ocr_page ocr_carea ocr_par ocr_line ocrx_word'/>
</head>
<body>
  <div class='ocr_page' id='page_1' title='image "./franciscibaconi00kitcgoog_0027.png"; bbox 0 0 2708 5226; ppageno 0'>
   <div class='ocr_carea' id='block_1_1' title="bbox 625 592 695 658">
    <p class='ocr_par' dir='ltr' id='par_1_1' title="bbox 625 592 695 658">
     <span class='ocr_line' id='line_1_1' title="bbox 625 592 695 658; baseline -0.014 0"><span class='ocrx_word' id='word_1_1' title='bbox 625 592 695 658; x_wconf 76' lang='lat' dir='ltr'>xviii</span> 
     </span>
    </p>
   </div>
   <div class='ocr_carea' id='block_1_2' title="bbox 125 751 1266 4609">
    <p class='ocr_par' dir='ltr' id='par_1_2' title="bbox 125 751 1266 1398">
     <span class='ocr_line' id='line_1_2' title="bbox 126 751 1266 842; baseline -0.003 -23"><span class='ocrx_word' id='word_1_2' title='bbox 126 765 173 820; x_wconf 89' lang='lat' dir='ltr'>est</span> <span class='ocrx_word' id='word_1_3' title='bbox 189 778 306 827; x_wconf 85' lang='lat' dir='ltr'>eorum,</span> <span class='ocrx_word' id='word_1_4' title='bbox 323 780 392 842; x_wconf 84' lang='lat' dir='ltr'>quae</span> <span class='ocrx_word' id='word_1_5' title='bbox 412 757 585 821; x_wconf 86' lang='lat' dir='ltr'>intellectus</span> <span class='ocrx_word' id='word_1_6' title='bbox 605 757 661 819; x_wconf 87' lang='lat' dir='ltr'>sibi</span> <span class='ocrx_word' id='word_1_7' title='bbox 683 757 849 841; x_wconf 89' lang='lat' dir='ltr'>permissus</span> <span class='ocrx_word' id='word_1_8' title='bbox 868 755 1038 842; x_wconf 73' lang='lat' dir='ltr'>congemit,</span> <span class='ocrx_word' id='word_1_9' title='bbox 1054 753 1128 840; x_wconf 91' lang='lat' dir='ltr'>quin</span> <span class='ocrx_word' id='word_1_10' title='bbox 1146 751 1215 817; x_wconf 71' lang='lat' dir='ltr'>nobi</span> <span class='ocrx_word' id='word_1_11' title='bbox 1264 768 1266 835; x_wconf 74' lang='lat' dir='ltr'><strong>j</strong></span> 
     </span>
     <span class='ocr_line' id='line_1_3' title="bbox 126 865 1266 955; baseline -0.003 -23"><span class='ocrx_word' id='word_1_12' title='bbox 126 890 184 954; x_wconf 90' lang='lat' dir='ltr'>pro</span> <span class='ocrx_word' id='word_1_13' title='bbox 210 880 352 955; x_wconf 83' lang='lat' dir='ltr'>suspecto</span> <span class='ocrx_word' id='word_1_14' title='bbox 375 869 424 944; x_wconf 91' lang='lat' dir='ltr'>sit,</span> <span class='ocrx_word' id='word_1_15' title='bbox 451 891 506 932; x_wconf 89' lang='lat' dir='ltr'>nec</span> <span class='ocrx_word' id='word_1_16' title='bbox 533 868 594 931; x_wconf 92' lang='lat' dir='ltr'>ullo</span> <span class='ocrx_word' id='word_1_17' title='bbox 620 868 711 931; x_wconf 88' lang='lat' dir='ltr'>modo</span> <span class='ocrx_word' id='word_1_18' title='bbox 736 875 849 939; x_wconf 89' lang='lat' dir='ltr'>ratum,</span> <span class='ocrx_word' id='word_1_19' title='bbox 874 867 932 930; x_wconf 93' lang='lat' dir='ltr'>nisi</span> <span class='ocrx_word' id='word_1_20' title='bbox 959 888 1042 931; x_wconf 85' lang='lat' dir='ltr'>noro</span> <span class='ocrx_word' id='word_1_21' title='bbox 1062 865 1172 952; x_wconf 90' lang='lat' dir='ltr'>judicio</span> <span class='ocrx_word' id='word_1_22' title='bbox 1191 886 1216 927; x_wconf 84' lang='lat' dir='ltr'>se</span> <span class='ocrx_word' id='word_1_23' title='bbox 1264 924 1266 929; x_wconf 91' lang='lat'><em>.</em></span> 
     </span>
     <span class='ocr_line' id='line_1_4' title="bbox 126 975 1216 1064; baseline -0.002 -22"><span class='ocrx_word' id='word_1_24' title='bbox 126 978 251 1054; x_wconf 84' lang='lat' dir='ltr'>stiterit,</span> <span class='ocrx_word' id='word_1_25' title='bbox 268 989 301 1043; x_wconf 92' lang='lat' dir='ltr'>et</span> <span class='ocrx_word' id='word_1_26' title='bbox 325 979 492 1044; x_wconf 90' lang='lat' dir='ltr'>secundum</span> <span class='ocrx_word' id='word_1_27' title='bbox 517 977 593 1042; x_wconf 95' lang='lat' dir='ltr'>illud</span> <span class='ocrx_word' id='word_1_28' title='bbox 618 978 854 1064; x_wconf 79' lang='lat' dir='ltr'>pronunciatum</span> <span class='ocrx_word' id='word_1_29' title='bbox 879 976 985 1042; x_wconf 87' lang='lat' dir='ltr'>fuerit.</span> <span class='ocrx_word' id='word_1_30' title='bbox 1035 976 1120 1055; x_wconf 84' lang='lat' dir='ltr'>Quin</span> <span class='ocrx_word' id='word_1_31' title='bbox 1141 975 1216 1040; x_wconf 73' lang='lat' dir='ltr'>omn</span> 
     </span>
     <span class='ocr_line' id='line_1_5' title="bbox 125 1087 1218 1176; baseline -0.003 -22"><span class='ocrx_word' id='word_1_32' title='bbox 125 1111 233 1154; x_wconf 90' lang='lat' dir='ltr'>sensus</span> <span class='ocrx_word' id='word_1_33' title='bbox 256 1090 351 1176; x_wconf 89' lang='lat' dir='ltr'>ipsius</span> <span class='ocrx_word' id='word_1_34' title='bbox 376 1088 607 1154; x_wconf 78' lang='lat' dir='ltr'><strong>informationes</strong></span> <span class='ocrx_word' id='word_1_35' title='bbox 631 1089 735 1153; x_wconf 90' lang='lat' dir='ltr'>multis</span> <span class='ocrx_word' id='word_1_36' title='bbox 760 1088 859 1153; x_wconf 91' lang='lat' dir='ltr'>modis</span> <span class='ocrx_word' id='word_1_37' title='bbox 884 1087 1070 1152; x_wconf 85' lang='lat' dir='ltr'>excutimus</span> <span class='ocrx_word' id='word_1_38' title='bbox 1120 1087 1218 1151; x_wconf 78' lang='lat' dir='ltr'>Senem</span> 
     </span>
     <span class='ocr_line' id='line_1_6' title="bbox 125 1200 1218 1286; baseline -0.002 -21"><span class='ocrx_word' id='word_1_39' title='bbox 125 1200 207 1265; x_wconf 88' lang='lat' dir='ltr'>enim</span> <span class='ocrx_word' id='word_1_40' title='bbox 222 1200 334 1265; x_wconf 85' lang='lat' dir='ltr'>fallunt</span> <span class='ocrx_word' id='word_1_41' title='bbox 349 1200 474 1286; x_wconf 90' lang='lat' dir='ltr'>utique;</span> <span class='ocrx_word' id='word_1_42' title='bbox 498 1202 600 1266; x_wconf 88' lang='lat' dir='ltr'>sedet</span> <span class='ocrx_word' id='word_1_43' title='bbox 615 1223 738 1265; x_wconf 87' lang='lat' dir='ltr'>errores</span> <span class='ocrx_word' id='word_1_44' title='bbox 757 1223 828 1265; x_wconf 91' lang='lat' dir='ltr'>suos</span> <span class='ocrx_word' id='word_1_45' title='bbox 843 1201 1000 1279; x_wconf 87' lang='lat' dir='ltr'>indicant;</span> <span class='ocrx_word' id='word_1_46' title='bbox 1026 1221 1135 1264; x_wconf 86' lang='lat' dir='ltr'>verum</span> <span class='ocrx_word' id='word_1_47' title='bbox 1148 1220 1218 1263; x_wconf 79' lang='lat' dir='ltr'>erro</span> 
     </span>
     <span class='ocr_line' id='line_1_7' title="bbox 125 1311 881 1398; baseline 0.001 -25"><span class='ocrx_word' id='word_1_48' title='bbox 125 1332 176 1374; x_wconf 90' lang='lat' dir='ltr'>res</span> <span class='ocrx_word' id='word_1_49' title='bbox 191 1321 317 1397; x_wconf 69' lang='lat' dir='ltr'>praeto,</span> <span class='ocrx_word' id='word_1_50' title='bbox 333 1311 445 1383; x_wconf 87' lang='lat' dir='ltr'>indicia</span> <span class='ocrx_word' id='word_1_51' title='bbox 459 1333 566 1376; x_wconf 90' lang='lat' dir='ltr'>eorum</span> <span class='ocrx_word' id='word_1_52' title='bbox 582 1311 673 1398; x_wconf 85' lang='lat' dir='ltr'>longe</span> <span class='ocrx_word' id='word_1_53' title='bbox 688 1311 786 1397; x_wconf 90' lang='lat' dir='ltr'>petita</span> <span class='ocrx_word' id='word_1_54' title='bbox 800 1322 881 1374; x_wconf 91' lang='lat' dir='ltr'>sunt.</span> 
     </span>
    </p>

    <p class='ocr_par' dir='ltr' id='par_1_3' title="bbox 125 1420 1266 2486">
     <span class='ocr_line' id='line_1_8' title="bbox 168 1420 1266 1508; baseline -0.005 -22"><span class='ocrx_word' id='word_1_55' title='bbox 168 1422 295 1508; x_wconf 82' lang='lat' dir='ltr'>Duplex</span> <span class='ocrx_word' id='word_1_56' title='bbox 314 1435 418 1487; x_wconf 89' lang='lat' dir='ltr'>autem</span> <span class='ocrx_word' id='word_1_57' title='bbox 434 1436 481 1487; x_wconf 79' lang='lat' dir='ltr'>est</span> <span class='ocrx_word' id='word_1_58' title='bbox 498 1424 613 1487; x_wconf 89' lang='lat' dir='ltr'>Sensus</span> <span class='ocrx_word' id='word_1_59' title='bbox 632 1423 741 1508; x_wconf 92' lang='lat' dir='ltr'>culpa;</span> <span class='ocrx_word' id='word_1_60' title='bbox 764 1432 819 1486; x_wconf 88' lang='lat' dir='ltr'>aut</span> <span class='ocrx_word' id='word_1_61' title='bbox 839 1420 920 1485; x_wconf 91' lang='lat' dir='ltr'>enim</span> <span class='ocrx_word' id='word_1_62' title='bbox 935 1420 1080 1485; x_wconf 78' lang='lat' dir='ltr'>destituit</span> <span class='ocrx_word' id='word_1_63' title='bbox 1101 1442 1164 1489; x_wconf 82' lang='lat' dir='ltr'>nos.</span> <span class='ocrx_word' id='word_1_64' title='bbox 1176 1430 1219 1482; x_wconf 87' lang='lat' dir='ltr'>aut</span> <span class='ocrx_word' id='word_1_65' title='bbox 1264 1432 1266 1467; x_wconf 67' lang='grc' dir='ltr'><strong>ἓ</strong></span> 
     </span>
     <span class='ocr_line' id='line_1_9' title="bbox 126 1531 1220 1620; baseline -0.003 -22"><span class='ocrx_word' id='word_1_66' title='bbox 126 1533 249 1620; x_wconf 78' lang='lat' dir='ltr'>decipit.</span> <span class='ocrx_word' id='word_1_67' title='bbox 305 1533 390 1597; x_wconf 90' lang='lat' dir='ltr'>Nam</span> <span class='ocrx_word' id='word_1_68' title='bbox 416 1533 525 1619; x_wconf 90' lang='lat' dir='ltr'>primo,</span> <span class='ocrx_word' id='word_1_69' title='bbox 552 1534 692 1619; x_wconf 70' lang='lat' dir='ltr'>plurimas</span> <span class='ocrx_word' id='word_1_70' title='bbox 718 1544 791 1598; x_wconf 91' lang='lat' dir='ltr'>suut</span> <span class='ocrx_word' id='word_1_71' title='bbox 816 1556 868 1597; x_wconf 89' lang='lat' dir='ltr'>res</span> <span class='ocrx_word' id='word_1_72' title='bbox 891 1554 963 1617; x_wconf 80' lang='lat' dir='ltr'>quae</span> <span class='ocrx_word' id='word_1_73' title='bbox 989 1554 1117 1596; x_wconf 88' lang='lat' dir='ltr'>sensum</span> <span class='ocrx_word' id='word_1_74' title='bbox 1142 1531 1220 1596; x_wconf 82' lang='lat' dir='ltr'>etiam</span> 
     </span>
     <span class='ocr_line' id='line_1_10' title="bbox 125 1620 1266 1733; baseline 0.002 -24"><span class='ocrx_word' id='word_1_75' title='bbox 125 1657 211 1711; x_wconf 88' lang='lat' dir='ltr'>recte</span> <span class='ocrx_word' id='word_1_76' title='bbox 226 1646 417 1732; x_wconf 88' lang='lat' dir='ltr'>dispositum,</span> <span class='ocrx_word' id='word_1_77' title='bbox 433 1669 488 1710; x_wconf 85' lang='lat' dir='ltr'>nec</span> <span class='ocrx_word' id='word_1_78' title='bbox 505 1647 566 1711; x_wconf 91' lang='lat' dir='ltr'>ullo</span> <span class='ocrx_word' id='word_1_79' title='bbox 581 1648 672 1711; x_wconf 90' lang='lat' dir='ltr'>modo</span> <span class='ocrx_word' id='word_1_80' title='bbox 687 1646 876 1732; x_wconf 90' lang='lat' dir='ltr'>impeditum,</span> <span class='ocrx_word' id='word_1_81' title='bbox 889 1645 1066 1733; x_wconf 82' lang='lat' dir='ltr'>effugiunt;</span> <span class='ocrx_word' id='word_1_82' title='bbox 1090 1659 1145 1711; x_wconf 87' lang='lat' dir='ltr'>aut</span> <span class='ocrx_word' id='word_1_83' title='bbox 1162 1645 1221 1711; x_wconf 83' lang='lat' dir='ltr'>sub</span> <span class='ocrx_word' id='word_1_84' title='bbox 1264 1620 1266 1635; x_wconf 43' lang='grc' dir='ltr'>Ι</span> 
     </span>
     <span class='ocr_line' id='line_1_11' title="bbox 127 1756 1221 1843; baseline 0.002 -23"><span class='ocrx_word' id='word_1_85' title='bbox 127 1757 240 1821; x_wconf 90' lang='lat' dir='ltr'>tilitate</span> <span class='ocrx_word' id='word_1_86' title='bbox 255 1757 349 1820; x_wconf 88' lang='lat' dir='ltr'>totius</span> <span class='ocrx_word' id='word_1_87' title='bbox 364 1758 510 1843; x_wconf 88' lang='lat' dir='ltr'>corporis,</span> <span class='ocrx_word' id='word_1_88' title='bbox 525 1771 580 1822; x_wconf 90' lang='lat' dir='ltr'>aut</span> <span class='ocrx_word' id='word_1_89' title='bbox 602 1759 736 1843; x_wconf 82' lang='lat' dir='ltr'>partium</span> <span class='ocrx_word' id='word_1_90' title='bbox 759 1757 905 1831; x_wconf 89' lang='lat' dir='ltr'>minutiis,</span> <span class='ocrx_word' id='word_1_91' title='bbox 920 1768 976 1821; x_wconf 87' lang='lat' dir='ltr'>aut</span> <span class='ocrx_word' id='word_1_92' title='bbox 996 1758 1057 1821; x_wconf 91' lang='lat' dir='ltr'>loci</span> <span class='ocrx_word' id='word_1_93' title='bbox 1078 1756 1221 1828; x_wconf 66' lang='lat' dir='ltr'>maante,</span> 
     </span>
     <span class='ocr_line' id='line_1_12' title="bbox 127 1867 1222 1953; baseline -0.003 -22"><span class='ocrx_word' id='word_1_94' title='bbox 127 1878 183 1931; x_wconf 91' lang='lat' dir='ltr'>aut</span> <span class='ocrx_word' id='word_1_95' title='bbox 207 1867 356 1931; x_wconf 78' lang='lat' dir='ltr'>tarditate</span> <span class='ocrx_word' id='word_1_96' title='bbox 380 1878 474 1953; x_wconf 87' lang='lat' dir='ltr'>atque</span> <span class='ocrx_word' id='word_1_97' title='bbox 499 1868 593 1932; x_wconf 88' lang='lat' dir='ltr'>etiam</span> <span class='ocrx_word' id='word_1_98' title='bbox 617 1869 779 1932; x_wconf 79' lang='lat' dir='ltr'>velocitate</span> <span class='ocrx_word' id='word_1_99' title='bbox 804 1882 914 1942; x_wconf 89' lang='lat' dir='ltr'>motus,</span> <span class='ocrx_word' id='word_1_100' title='bbox 941 1880 997 1933; x_wconf 84' lang='lat' dir='ltr'>aut</span> <span class='ocrx_word' id='word_1_101' title='bbox 1024 1868 1222 1933; x_wconf 78' lang='lat' dir='ltr'>familiaritate</span> 
     </span>
     <span class='ocr_line' id='line_1_13' title="bbox 128 1976 1220 2066; baseline 0.006 -28"><span class='ocrx_word' id='word_1_102' title='bbox 128 1976 249 2061; x_wconf 90' lang='lat' dir='ltr'>objecti,</span> <span class='ocrx_word' id='word_1_103' title='bbox 270 1987 325 2041; x_wconf 90' lang='lat' dir='ltr'>aut</span> <span class='ocrx_word' id='word_1_104' title='bbox 348 1976 424 2040; x_wconf 82' lang='lat' dir='ltr'>alias</span> <span class='ocrx_word' id='word_1_105' title='bbox 448 1980 487 2040; x_wconf 92' lang='lat' dir='ltr'>ob</span> <span class='ocrx_word' id='word_1_106' title='bbox 511 2002 627 2044; x_wconf 83' lang='lat' dir='ltr'>causas.</span> <span class='ocrx_word' id='word_1_107' title='bbox 672 1982 783 2066; x_wconf 89' lang='lat' dir='ltr'>Neque</span> <span class='ocrx_word' id='word_1_108' title='bbox 806 2004 923 2054; x_wconf 85' lang='lat' dir='ltr'>rursus,</span> <span class='ocrx_word' id='word_1_109' title='bbox 946 1980 1000 2044; x_wconf 90' lang='lat' dir='ltr'>ubi</span> <span class='ocrx_word' id='word_1_110' title='bbox 1026 1981 1145 2046; x_wconf 81' lang='lat' dir='ltr'>Sensus</span> <span class='ocrx_word' id='word_1_111' title='bbox 1166 2001 1220 2045; x_wconf 85' lang='lat' dir='ltr'>rem</span> 
     </span>
     <span class='ocr_line' id='line_1_14' title="bbox 128 2087 1266 2174; baseline 0.006 -24"><span class='ocrx_word' id='word_1_112' title='bbox 128 2098 224 2161; x_wconf 85' lang='lat' dir='ltr'>tenet,</span> <span class='ocrx_word' id='word_1_113' title='bbox 241 2087 452 2172; x_wconf 77' lang='lat' dir='ltr'>protensiones</span> <span class='ocrx_word' id='word_1_114' title='bbox 470 2089 536 2174; x_wconf 88' lang='lat' dir='ltr'>ejus</span> <span class='ocrx_word' id='word_1_115' title='bbox 558 2091 721 2155; x_wconf 86' lang='lat' dir='ltr'>admodum</span> <span class='ocrx_word' id='word_1_116' title='bbox 744 2091 842 2155; x_wconf 87' lang='lat' dir='ltr'>firmae</span> <span class='ocrx_word' id='word_1_117' title='bbox 864 2101 944 2154; x_wconf 85' lang='lat' dir='ltr'>sunt.</span> <span class='ocrx_word' id='word_1_118' title='bbox 989 2091 1076 2155; x_wconf 80' lang='lat' dir='ltr'>Nam</span> <span class='ocrx_word' id='word_1_119' title='bbox 1099 2089 1223 2156; x_wconf 72' lang='lat' dir='ltr'>testim</span> <span class='ocrx_word' id='word_1_120' title='bbox 1264 2126 1266 2141; x_wconf 63' lang='grc' dir='ltr'>ι</span> 
     </span>
     <span class='ocr_line' id='line_1_15' title="bbox 128 2180 1266 2288; baseline 0.004 -27"><span class='ocrx_word' id='word_1_121' title='bbox 128 2196 212 2261; x_wconf 93' lang='lat' dir='ltr'>nium</span> <span class='ocrx_word' id='word_1_122' title='bbox 228 2208 261 2262; x_wconf 90' lang='lat' dir='ltr'>et</span> <span class='ocrx_word' id='word_1_123' title='bbox 276 2197 451 2263; x_wconf 80' lang='lat' dir='ltr'>informatio</span> <span class='ocrx_word' id='word_1_124' title='bbox 468 2200 582 2265; x_wconf 86' lang='lat' dir='ltr'>Sensus</span> <span class='ocrx_word' id='word_1_125' title='bbox 600 2224 722 2288; x_wconf 90' lang='lat' dir='ltr'>semper</span> <span class='ocrx_word' id='word_1_126' title='bbox 736 2214 784 2266; x_wconf 88' lang='lat' dir='ltr'>est</span> <span class='ocrx_word' id='word_1_127' title='bbox 798 2224 838 2265; x_wconf 89' lang='lat' dir='ltr'>ex</span> <span class='ocrx_word' id='word_1_128' title='bbox 852 2200 997 2287; x_wconf 84' lang='lat' dir='ltr'>analogia</span> <span class='ocrx_word' id='word_1_129' title='bbox 1016 2200 1223 2277; x_wconf 88' lang='lat' dir='ltr'>hominis,nou</span> <span class='ocrx_word' id='word_1_130' title='bbox 1264 2180 1266 2197; x_wconf 46' lang='grc' dir='ltr'>Ι</span> 
     </span>
     <span class='ocr_line' id='line_1_16' title="bbox 128 2308 1223 2399; baseline 0.005 -28"><span class='ocrx_word' id='word_1_131' title='bbox 128 2330 168 2373; x_wconf 87' lang='lat' dir='ltr'>cx</span> <span class='ocrx_word' id='word_1_132' title='bbox 191 2308 334 2396; x_wconf 80' lang='lat' dir='ltr'>analogia</span> <span class='ocrx_word' id='word_1_133' title='bbox 358 2309 510 2375; x_wconf 88' lang='lat' dir='ltr'>universi:</span> <span class='ocrx_word' id='word_1_134' title='bbox 533 2322 627 2398; x_wconf 87' lang='lat' dir='ltr'>atque</span> <span class='ocrx_word' id='word_1_135' title='bbox 651 2334 763 2399; x_wconf 84' lang='lat' dir='ltr'>magno</span> <span class='ocrx_word' id='word_1_136' title='bbox 790 2334 916 2397; x_wconf 91' lang='lat' dir='ltr'>prorsus</span> <span class='ocrx_word' id='word_1_137' title='bbox 940 2333 1051 2377; x_wconf 85' lang='lat' dir='ltr'>errore</span> <span class='ocrx_word' id='word_1_138' title='bbox 1074 2311 1223 2384; x_wconf 76' lang='lat' dir='ltr'>ameritnr,</span> 
     </span>
     <span class='ocr_line' id='line_1_17' title="bbox 129 2420 659 2486; baseline -0.002 -1"><span class='ocrx_word' id='word_1_139' title='bbox 129 2420 258 2485; x_wconf 82' lang='lat' dir='ltr'>Sensum</span> <span class='ocrx_word' id='word_1_140' title='bbox 274 2441 341 2484; x_wconf 89' lang='lat' dir='ltr'>esse</span> <span class='ocrx_word' id='word_1_141' title='bbox 355 2441 529 2485; x_wconf 86' lang='lat' dir='ltr'>mensuram</span> <span class='ocrx_word' id='word_1_142' title='bbox 546 2444 659 2486; x_wconf 88' lang='lat' dir='ltr'>rerum.</span> 
     </span>
    </p>

    <p class='ocr_par' dir='ltr' id='par_1_4' title="bbox 127 2526 1266 4609">
     <span class='ocr_line' id='line_1_18' title="bbox 172 2526 1266 2617; baseline 0.006 -23"><span class='ocrx_word' id='word_1_143' title='bbox 172 2532 283 2617; x_wconf 84' lang='lat' dir='ltr'>ltaque</span> <span class='ocrx_word' id='word_1_144' title='bbox 305 2541 340 2596; x_wconf 94' lang='lat' dir='ltr'>ut</span> <span class='ocrx_word' id='word_1_145' title='bbox 362 2532 410 2596; x_wconf 90' lang='lat' dir='ltr'>his</span> <span class='ocrx_word' id='word_1_146' title='bbox 432 2545 632 2607; x_wconf 87' lang='lat' dir='ltr'>occurratur;</span> <span class='ocrx_word' id='word_1_147' title='bbox 656 2555 711 2595; x_wconf 90' lang='lat' dir='ltr'>nos</span> <span class='ocrx_word' id='word_1_148' title='bbox 726 2534 822 2597; x_wconf 91' lang='lat' dir='ltr'>multo</span> <span class='ocrx_word' id='word_1_149' title='bbox 837 2542 869 2597; x_wconf 91' lang='lat' dir='ltr'>et</span> <span class='ocrx_word' id='word_1_150' title='bbox 883 2533 945 2598; x_wconf 88' lang='lat' dir='ltr'>fido</span> <span class='ocrx_word' id='word_1_151' title='bbox 959 2533 1135 2600; x_wconf 88' lang='lat' dir='ltr'>ministerio</span> <span class='ocrx_word' id='word_1_152' title='bbox 1147 2534 1224 2601; x_wconf 82' lang='lat' dir='ltr'>auxi·</span> <span class='ocrx_word' id='word_1_153' title='bbox 1264 2526 1266 2569; x_wconf 80' lang='lat'><strong>¹</strong></span> 
     </span>
     <span class='ocr_line' id='line_1_19' title="bbox 127 2606 1266 2733; baseline 0.004 -26"><span class='ocrx_word' id='word_1_154' title='bbox 127 2643 169 2707; x_wconf 91' lang='lat' dir='ltr'>lia</span> <span class='ocrx_word' id='word_1_155' title='bbox 193 2643 308 2709; x_wconf 75' lang='lat' dir='ltr'>Sensim</span> <span class='ocrx_word' id='word_1_156' title='bbox 330 2645 466 2730; x_wconf 88' lang='lat' dir='ltr'>undique</span> <span class='ocrx_word' id='word_1_157' title='bbox 488 2644 722 2729; x_wconf 81' lang='lat' dir='ltr'>conquisivimus</span> <span class='ocrx_word' id='word_1_158' title='bbox 743 2656 776 2708; x_wconf 88' lang='lat' dir='ltr'>ct</span> <span class='ocrx_word' id='word_1_159' title='bbox 797 2645 1024 2722; x_wconf 82' lang='lat' dir='ltr'>contraximus3</span> <span class='ocrx_word' id='word_1_160' title='bbox 1048 2656 1086 2711; x_wconf 92' lang='lat' dir='ltr'>ut</span> <span class='ocrx_word' id='word_1_161' title='bbox 1106 2646 1224 2713; x_wconf 71' lang='lat' dir='ltr'>destiter</span> <span class='ocrx_word' id='word_1_162' title='bbox 1263 2606 1266 2733; x_wconf 77' lang='lat' dir='ltr'>l</span> 
     </span>
     <span class='ocr_line' id='line_1_20' title="bbox 127 2738 1266 2845; baseline 0.004 -26"><span class='ocrx_word' id='word_1_163' title='bbox 127 2755 261 2820; x_wconf 88' lang='lat' dir='ltr'>tionibus</span> <span class='ocrx_word' id='word_1_164' title='bbox 283 2756 524 2831; x_wconf 89' lang='lat' dir='ltr'>substitutiones,</span> <span class='ocrx_word' id='word_1_165' title='bbox 542 2755 760 2820; x_wconf 84' lang='lat' dir='ltr'>variationibus</span> <span class='ocrx_word' id='word_1_166' title='bbox 779 2756 1014 2822; x_wconf 85' lang='lat' dir='ltr'>rectificationes</span> <span class='ocrx_word' id='word_1_167' title='bbox 1034 2759 1224 2845; x_wconf 69' lang='lat' dir='ltr'>suppedites</span> <span class='ocrx_word' id='word_1_168' title='bbox 1264 2738 1266 2777; x_wconf 57' lang='lat'>³</span> 
     </span>
     <span class='ocr_line' id='line_1_21' title="bbox 128 2866 1223 2955; baseline 0.005 -26"><span class='ocrx_word' id='word_1_169' title='bbox 128 2875 189 2930; x_wconf 90' lang='lat' dir='ltr'>tur.</span> <span class='ocrx_word' id='word_1_170' title='bbox 236 2866 347 2952; x_wconf 90' lang='lat' dir='ltr'>Neque</span> <span class='ocrx_word' id='word_1_171' title='bbox 366 2867 398 2931; x_wconf 93' lang='lat' dir='ltr'>id</span> <span class='ocrx_word' id='word_1_172' title='bbox 419 2867 560 2931; x_wconf 88' lang='lat' dir='ltr'>molimur</span> <span class='ocrx_word' id='word_1_173' title='bbox 581 2878 644 2931; x_wconf 87' lang='lat' dir='ltr'>tam</span> <span class='ocrx_word' id='word_1_174' title='bbox 666 2868 878 2933; x_wconf 86' lang='lat' dir='ltr'>instrumentis</span> <span class='ocrx_word' id='word_1_175' title='bbox 892 2889 986 2954; x_wconf 85' lang='lat' dir='ltr'>quam</span> <span class='ocrx_word' id='word_1_176' title='bbox 1001 2869 1223 2955; x_wconf 82' lang='lat' dir='ltr'>experimentis</span> 
     </span>
     <span class='ocr_line' id='line_1_22' title="bbox 128 2977 1224 3065; baseline 0.002 -24"><span class='ocrx_word' id='word_1_177' title='bbox 128 2977 252 3042; x_wconf 86' lang='lat' dir='ltr'>Etenim</span> <span class='ocrx_word' id='word_1_178' title='bbox 267 2977 549 3063; x_wconf 84' lang='lat' dir='ltr'>experimentorum</span> <span class='ocrx_word' id='word_1_179' title='bbox 565 2979 656 3065; x_wconf 85' lang='lat' dir='ltr'>longe</span> <span class='ocrx_word' id='word_1_180' title='bbox 676 2979 774 3064; x_wconf 88' lang='lat' dir='ltr'>major</span> <span class='ocrx_word' id='word_1_181' title='bbox 794 2988 842 3042; x_wconf 92' lang='lat' dir='ltr'>est</span> <span class='ocrx_word' id='word_1_182' title='bbox 861 2977 1024 3054; x_wconf 87' lang='lat' dir='ltr'>subtilitas,</span> <span class='ocrx_word' id='word_1_183' title='bbox 1040 3001 1137 3064; x_wconf 92' lang='lat' dir='ltr'>quam</span> <span class='ocrx_word' id='word_1_184' title='bbox 1158 2981 1224 3046; x_wconf 83' lang='lat' dir='ltr'>San·</span> 
     </span>
     <span class='ocr_line' id='line_1_23' title="bbox 128 3088 1224 3178; baseline 0.004 -25"><span class='ocrx_word' id='word_1_185' title='bbox 128 3110 179 3153; x_wconf 84' lang='lat' dir='ltr'>sus</span> <span class='ocrx_word' id='word_1_186' title='bbox 198 3088 301 3175; x_wconf 89' lang='lat' dir='ltr'>ipsius,</span> <span class='ocrx_word' id='word_1_187' title='bbox 317 3089 389 3153; x_wconf 89' lang='lat' dir='ltr'>licet</span> <span class='ocrx_word' id='word_1_188' title='bbox 408 3089 620 3155; x_wconf 86' lang='lat' dir='ltr'>instrumentis</span> <span class='ocrx_word' id='word_1_189' title='bbox 635 3089 794 3176; x_wconf 90' lang='lat' dir='ltr'>exquisitis</span> <span class='ocrx_word' id='word_1_190' title='bbox 814 3089 931 3175; x_wconf 86' lang='lat' dir='ltr'>adjuti3</span> <span class='ocrx_word' id='word_1_191' title='bbox 956 3089 1011 3172; x_wconf 91' lang='lat' dir='ltr'>(de</span> <span class='ocrx_word' id='word_1_192' title='bbox 1026 3090 1064 3156; x_wconf 91' lang='lat' dir='ltr'>iis</span> <span class='ocrx_word' id='word_1_193' title='bbox 1078 3091 1224 3178; x_wconf 88' lang='lat' dir='ltr'>loquimur</span> 
     </span>
     <span class='ocr_line' id='line_1_24' title="bbox 128 3196 1225 3285; baseline -0.002 -21"><span class='ocrx_word' id='word_1_194' title='bbox 128 3199 356 3285; x_wconf 87' lang='lat' dir='ltr'>experimentis,</span> <span class='ocrx_word' id='word_1_195' title='bbox 372 3221 442 3283; x_wconf 74' lang='lat' dir='ltr'>quse</span> <span class='ocrx_word' id='word_1_196' title='bbox 462 3199 503 3262; x_wconf 91' lang='lat' dir='ltr'>ad</span> <span class='ocrx_word' id='word_1_197' title='bbox 523 3198 722 3263; x_wconf 90' lang='lat' dir='ltr'>intentionem</span> <span class='ocrx_word' id='word_1_198' title='bbox 739 3199 804 3281; x_wconf 90' lang='lat' dir='ltr'>ejus</span> <span class='ocrx_word' id='word_1_199' title='bbox 819 3196 902 3282; x_wconf 94' lang='lat' dir='ltr'>quod</span> <span class='ocrx_word' id='word_1_200' title='bbox 917 3196 1070 3282; x_wconf 83' lang='lat' dir='ltr'>qnaeritur</span> <span class='ocrx_word' id='word_1_201' title='bbox 1085 3200 1185 3285; x_wconf 84' lang='lat' dir='ltr'>perite</span> <span class='ocrx_word' id='word_1_202' title='bbox 1198 3209 1225 3262; x_wconf 90' lang='lat' dir='ltr'>et</span> 
     </span>
     <span class='ocr_line' id='line_1_25' title="bbox 127 3309 1224 3398; baseline 0.001 -25"><span class='ocrx_word' id='word_1_203' title='bbox 127 3310 294 3375; x_wconf 90' lang='lat' dir='ltr'>secundum</span> <span class='ocrx_word' id='word_1_204' title='bbox 310 3320 410 3373; x_wconf 87' lang='lat' dir='ltr'>artem</span> <span class='ocrx_word' id='word_1_205' title='bbox 425 3309 602 3395; x_wconf 84' lang='lat' dir='ltr'>excogitata</span> <span class='ocrx_word' id='word_1_206' title='bbox 619 3319 651 3373; x_wconf 86' lang='lat' dir='ltr'>et</span> <span class='ocrx_word' id='word_1_207' title='bbox 671 3309 811 3395; x_wconf 88' lang='lat' dir='ltr'>apposita</span> <span class='ocrx_word' id='word_1_208' title='bbox 832 3312 926 3391; x_wconf 89' lang='lat' dir='ltr'>suut).</span> <span class='ocrx_word' id='word_1_209' title='bbox 972 3309 1085 3395; x_wconf 84' lang='lat' dir='ltr'>ltaque</span> <span class='ocrx_word' id='word_1_210' title='bbox 1106 3332 1224 3398; x_wconf 85' lang='lat' dir='ltr'>percep</span> 
     </span>
     <span class='ocr_line' id='line_1_26' title="bbox 128 3418 1225 3505; baseline -0.001 -18"><span class='ocrx_word' id='word_1_211' title='bbox 128 3423 203 3487; x_wconf 92' lang='lat' dir='ltr'>tioni</span> <span class='ocrx_word' id='word_1_212' title='bbox 218 3444 325 3487; x_wconf 88' lang='lat' dir='ltr'>sensus</span> <span class='ocrx_word' id='word_1_213' title='bbox 340 3420 525 3485; x_wconf 74' lang='lat' dir='ltr'>immediatis</span> <span class='ocrx_word' id='word_1_214' title='bbox 540 3440 576 3482; x_wconf 85' lang='lat' dir='ltr'>ac</span> <span class='ocrx_word' id='word_1_215' title='bbox 592 3420 726 3505; x_wconf 87' lang='lat' dir='ltr'>propriae</span> <span class='ocrx_word' id='word_1_216' title='bbox 745 3440 806 3482; x_wconf 90' lang='lat' dir='ltr'>non</span> <span class='ocrx_word' id='word_1_217' title='bbox 826 3418 954 3482; x_wconf 90' lang='lat' dir='ltr'>multum</span> <span class='ocrx_word' id='word_1_218' title='bbox 970 3418 1156 3497; x_wconf 90' lang='lat' dir='ltr'>tribuimus;</span> <span class='ocrx_word' id='word_1_219' title='bbox 1177 3420 1225 3486; x_wconf 82' lang='lat' dir='ltr'>sed</span> 
     </span>
     <span class='ocr_line' id='line_1_27' title="bbox 128 3529 1225 3621; baseline 0 -23"><span class='ocrx_word' id='word_1_220' title='bbox 128 3556 166 3599; x_wconf 91' lang='lat' dir='ltr'>eo</span> <span class='ocrx_word' id='word_1_221' title='bbox 187 3556 253 3598; x_wconf 89' lang='lat' dir='ltr'>rem</span> <span class='ocrx_word' id='word_1_222' title='bbox 276 3532 464 3603; x_wconf 91' lang='lat' dir='ltr'>deducimus,</span> <span class='ocrx_word' id='word_1_223' title='bbox 484 3542 518 3593; x_wconf 89' lang='lat' dir='ltr'>ut</span> <span class='ocrx_word' id='word_1_224' title='bbox 540 3551 646 3592; x_wconf 91' lang='lat' dir='ltr'>sensus</span> <span class='ocrx_word' id='word_1_225' title='bbox 668 3539 789 3594; x_wconf 90' lang='lat' dir='ltr'>tantum</span> <span class='ocrx_word' id='word_1_226' title='bbox 812 3529 850 3593; x_wconf 94' lang='lat' dir='ltr'>de</span> <span class='ocrx_word' id='word_1_227' title='bbox 873 3530 1098 3615; x_wconf 85' lang='lat' dir='ltr'>experimento,</span> <span class='ocrx_word' id='word_1_228' title='bbox 1114 3532 1225 3621; x_wconf 89' lang='lat' dir='ltr'>experi-</span> 
     </span>
     <span class='ocr_line' id='line_1_28' title="bbox 130 3640 1225 3732; baseline -0.003 -21"><span class='ocrx_word' id='word_1_229' title='bbox 130 3657 266 3711; x_wconf 89' lang='lat' dir='ltr'>mentum</span> <span class='ocrx_word' id='word_1_230' title='bbox 282 3645 322 3709; x_wconf 89' lang='lat' dir='ltr'>de</span> <span class='ocrx_word' id='word_1_231' title='bbox 342 3667 377 3708; x_wconf 93' lang='lat' dir='ltr'>re</span> <span class='ocrx_word' id='word_1_232' title='bbox 392 3643 520 3729; x_wconf 91' lang='lat' dir='ltr'>judicet.</span> <span class='ocrx_word' id='word_1_233' title='bbox 568 3642 674 3718; x_wconf 83' lang='lat' dir='ltr'>Quare</span> <span class='ocrx_word' id='word_1_234' title='bbox 694 3640 903 3705; x_wconf 83' lang='lat' dir='ltr'>existimamus</span> <span class='ocrx_word' id='word_1_235' title='bbox 924 3664 980 3706; x_wconf 92' lang='lat' dir='ltr'>nos</span> <span class='ocrx_word' id='word_1_236' title='bbox 1001 3664 1112 3710; x_wconf 88' lang='lat' dir='ltr'>sensus</span> <span class='ocrx_word' id='word_1_237' title='bbox 1125 3648 1159 3728; x_wconf 93' lang='lat' dir='ltr'>(a</span> <span class='ocrx_word' id='word_1_238' title='bbox 1172 3666 1225 3732; x_wconf 90' lang='lat' dir='ltr'>quo</span> 
     </span>
     <span class='ocr_line' id='line_1_29' title="bbox 130 3751 1226 3839; baseline 0.003 -19"><span class='ocrx_word' id='word_1_239' title='bbox 130 3757 232 3821; x_wconf 91' lang='lat' dir='ltr'>omnia</span> <span class='ocrx_word' id='word_1_240' title='bbox 254 3756 286 3818; x_wconf 91' lang='lat' dir='ltr'>in</span> <span class='ocrx_word' id='word_1_241' title='bbox 309 3754 500 3818; x_wconf 85' lang='lat' dir='ltr'>naturalibus</span> <span class='ocrx_word' id='word_1_242' title='bbox 523 3751 658 3838; x_wconf 86' lang='lat' dir='ltr'>petenda</span> <span class='ocrx_word' id='word_1_243' title='bbox 680 3762 761 3823; x_wconf 90' lang='lat' dir='ltr'>sunt,</span> <span class='ocrx_word' id='word_1_244' title='bbox 785 3751 842 3816; x_wconf 89' lang='lat' dir='ltr'>nisi</span> <span class='ocrx_word' id='word_1_245' title='bbox 864 3753 946 3817; x_wconf 86' lang='lat' dir='ltr'>forte</span> <span class='ocrx_word' id='word_1_246' title='bbox 968 3754 1064 3820; x_wconf 89' lang='lat' dir='ltr'>libeat</span> <span class='ocrx_word' id='word_1_247' title='bbox 1085 3755 1226 3839; x_wconf 85' lang='lat' dir='ltr'>insanire)</span> 
     </span>
     <span class='ocr_line' id='line_1_30' title="bbox 130 3862 1226 3950; baseline 0 -17"><span class='ocrx_word' id='word_1_248' title='bbox 130 3867 295 3932; x_wconf 87' lang='lat' dir='ltr'>Antistites</span> <span class='ocrx_word' id='word_1_249' title='bbox 314 3865 482 3950; x_wconf 80' lang='lat' dir='ltr'>religiosos,</span> <span class='ocrx_word' id='word_1_250' title='bbox 503 3873 535 3927; x_wconf 90' lang='lat' dir='ltr'>ct</span> <span class='ocrx_word' id='word_1_251' title='bbox 558 3862 751 3926; x_wconf 87' lang='lat' dir='ltr'>oraculorum</span> <span class='ocrx_word' id='word_1_252' title='bbox 776 3862 841 3948; x_wconf 84' lang='lat' dir='ltr'>ejus</span> <span class='ocrx_word' id='word_1_253' title='bbox 864 3887 926 3927; x_wconf 90' lang='lat' dir='ltr'>non</span> <span class='ocrx_word' id='word_1_254' title='bbox 951 3864 1113 3950; x_wconf 84' lang='lat' dir='ltr'>imperitos</span> <span class='ocrx_word' id='word_1_255' title='bbox 1134 3869 1226 3933; x_wconf 83' lang='lat' dir='ltr'>Inter·</span> 
     </span>
     <span class='ocr_line' id='line_1_31' title="bbox 130 3973 1228 4066; baseline 0.002 -24"><span class='ocrx_word' id='word_1_256' title='bbox 130 3988 235 4064; x_wconf 86' lang='lat' dir='ltr'>pretes</span> <span class='ocrx_word' id='word_1_257' title='bbox 257 3998 313 4040; x_wconf 90' lang='lat' dir='ltr'>nos</span> <span class='ocrx_word' id='word_1_258' title='bbox 334 3974 532 4061; x_wconf 74' lang='lat' dir='ltr'>praestitisse;</span> <span class='ocrx_word' id='word_1_259' title='bbox 555 3984 590 4038; x_wconf 90' lang='lat' dir='ltr'>ut</span> <span class='ocrx_word' id='word_1_260' title='bbox 611 3973 663 4037; x_wconf 87' lang='lat' dir='ltr'>alii</span> <span class='ocrx_word' id='word_1_261' title='bbox 685 3974 874 4060; x_wconf 88' lang='lat' dir='ltr'>professione</span> <span class='ocrx_word' id='word_1_262' title='bbox 893 3976 1038 4061; x_wconf 84' lang='lat' dir='ltr'>quadam,</span> <span class='ocrx_word' id='word_1_263' title='bbox 1055 3999 1112 4043; x_wconf 87' lang='lat' dir='ltr'>nos</span> <span class='ocrx_word' id='word_1_264' title='bbox 1132 3979 1228 4066; x_wconf 79' lang='lat' dir='ltr'>reipss</span> 
     </span>
     <span class='ocr_line' id='line_1_32' title="bbox 133 4085 1227 4175; baseline 0.005 -22"><span class='ocrx_word' id='word_1_265' title='bbox 133 4089 264 4154; x_wconf 79' lang='lat' dir='ltr'>Sensum</span> <span class='ocrx_word' id='word_1_266' title='bbox 279 4085 361 4151; x_wconf 89' lang='lat' dir='ltr'>tueri</span> <span class='ocrx_word' id='word_1_267' title='bbox 382 4107 418 4149; x_wconf 80' lang='lat' dir='ltr'>ec</span> <span class='ocrx_word' id='word_1_268' title='bbox 438 4085 538 4149; x_wconf 88' lang='lat' dir='ltr'>colere</span> <span class='ocrx_word' id='word_1_269' title='bbox 553 4086 721 4150; x_wconf 86' lang='lat' dir='ltr'>videamur.</span> <span class='ocrx_word' id='word_1_270' title='bbox 768 4088 872 4174; x_wconf 85' lang='lat' dir='ltr'>Atque</span> <span class='ocrx_word' id='word_1_271' title='bbox 895 4088 1069 4175; x_wconf 91' lang='lat' dir='ltr'>hujusmodi</span> <span class='ocrx_word' id='word_1_272' title='bbox 1091 4102 1165 4158; x_wconf 90' lang='lat' dir='ltr'>sunt</span> <span class='ocrx_word' id='word_1_273' title='bbox 1186 4114 1227 4166; x_wconf 88' lang='lat' dir='ltr'>ea,</span> 
     </span>
     <span class='ocr_line' id='line_1_33' title="bbox 131 4196 1229 4285; baseline 0.005 -22"><span class='ocrx_word' id='word_1_274' title='bbox 131 4221 202 4285; x_wconf 79' lang='lat' dir='ltr'>qum</span> <span class='ocrx_word' id='word_1_275' title='bbox 222 4198 263 4262; x_wconf 83' lang='lat' dir='ltr'>ad</span> <span class='ocrx_word' id='word_1_276' title='bbox 284 4197 386 4260; x_wconf 89' lang='lat' dir='ltr'>lumen</span> <span class='ocrx_word' id='word_1_277' title='bbox 401 4196 499 4281; x_wconf 91' lang='lat' dir='ltr'>ipsum</span> <span class='ocrx_word' id='word_1_278' title='bbox 515 4196 646 4261; x_wconf 82' lang='lat' dir='ltr'>Naturae</span> <span class='ocrx_word' id='word_1_279' title='bbox 661 4197 788 4284; x_wconf 82' lang='lat' dir='ltr'>ejusque</span> <span class='ocrx_word' id='word_1_280' title='bbox 802 4201 1011 4266; x_wconf 88' lang='lat' dir='ltr'>accensionem</span> <span class='ocrx_word' id='word_1_281' title='bbox 1027 4213 1060 4268; x_wconf 88' lang='lat' dir='ltr'>et</span> <span class='ocrx_word' id='word_1_282' title='bbox 1074 4204 1229 4272; x_wconf 81' lang='lat' dir='ltr'>immissio</span> 
     </span>
     <span class='ocr_line' id='line_1_34' title="bbox 133 4309 1228 4396; baseline 0.008 -23"><span class='ocrx_word' id='word_1_283' title='bbox 133 4332 203 4374; x_wconf 90' lang='lat' dir='ltr'>nem</span> <span class='ocrx_word' id='word_1_284' title='bbox 218 4328 381 4394; x_wconf 87' lang='lat' dir='ltr'>paramus:</span> <span class='ocrx_word' id='word_1_285' title='bbox 406 4327 475 4391; x_wconf 78' lang='lat' dir='ltr'>quae</span> <span class='ocrx_word' id='word_1_286' title='bbox 498 4328 553 4392; x_wconf 91' lang='lat' dir='ltr'>per</span> <span class='ocrx_word' id='word_1_287' title='bbox 575 4331 608 4370; x_wconf 89' lang='lat' dir='ltr'>sc</span> <span class='ocrx_word' id='word_1_288' title='bbox 630 4309 769 4373; x_wconf 88' lang='lat' dir='ltr'>sufficere</span> <span class='ocrx_word' id='word_1_289' title='bbox 791 4322 925 4396; x_wconf 85' lang='lat' dir='ltr'>possent,</span> <span class='ocrx_word' id='word_1_290' title='bbox 940 4313 1162 4382; x_wconf 84' lang='lat' dir='ltr'>siintellectus</span> <span class='ocrx_word' id='word_1_291' title='bbox 1179 4319 1228 4382; x_wconf 94' lang='lat' dir='ltr'>hu-</span> 
     </span>
     <span class='ocr_line' id='line_1_35' title="bbox 132 4420 1229 4508; baseline 0.005 -19"><span class='ocrx_word' id='word_1_292' title='bbox 132 4447 240 4489; x_wconf 90' lang='lat' dir='ltr'>manus</span> <span class='ocrx_word' id='word_1_293' title='bbox 255 4443 362 4508; x_wconf 81' lang='lat' dir='ltr'>aequus</span> <span class='ocrx_word' id='word_1_294' title='bbox 377 4432 408 4484; x_wconf 89' lang='lat' dir='ltr'>ct</span> <span class='ocrx_word' id='word_1_295' title='bbox 423 4420 520 4484; x_wconf 79' lang='lat' dir='ltr'>instar</span> <span class='ocrx_word' id='word_1_296' title='bbox 536 4422 648 4487; x_wconf 75' lang='lat' dir='ltr'>ubulae</span> <span class='ocrx_word' id='word_1_297' title='bbox 667 4424 787 4488; x_wconf 78' lang='lat' dir='ltr'>abrasa</span> <span class='ocrx_word' id='word_1_298' title='bbox 807 4436 896 4489; x_wconf 85' lang='lat' dir='ltr'>esset.</span> <span class='ocrx_word' id='word_1_299' title='bbox 943 4423 1006 4489; x_wconf 86' lang='lat' dir='ltr'>Sed</span> <span class='ocrx_word' id='word_1_300' title='bbox 1026 4446 1096 4490; x_wconf 88' lang='lat' dir='ltr'>oum</span> <span class='ocrx_word' id='word_1_301' title='bbox 1117 4438 1229 4494; x_wconf 76' lang='lat' dir='ltr'>mente</span> 
     </span>
     <span class='ocr_line' id='line_1_36' title="bbox 134 4529 1226 4609; baseline 0.008 -12"><span class='ocrx_word' id='word_1_302' title='bbox 134 4534 289 4598; x_wconf 88' lang='lat' dir='ltr'>bominum</span> <span class='ocrx_word' id='word_1_303' title='bbox 315 4529 400 4592; x_wconf 89' lang='lat' dir='ltr'>miris</span> <span class='ocrx_word' id='word_1_304' title='bbox 425 4531 522 4595; x_wconf 86' lang='lat' dir='ltr'>modis</span> <span class='ocrx_word' id='word_1_305' title='bbox 546 4533 623 4596; x_wconf 90' lang='lat' dir='ltr'>adco</span> <span class='ocrx_word' id='word_1_306' title='bbox 647 4535 778 4599; x_wconf 77' lang='lat' dir='ltr'>obsessae</span> <span class='ocrx_word' id='word_1_307' title='bbox 802 4535 873 4609; x_wconf 87' lang='lat' dir='ltr'>sint,</span> <span class='ocrx_word' id='word_1_308' title='bbox 897 4546 930 4600; x_wconf 90' lang='lat' dir='ltr'>ut</span> <span class='ocrx_word' id='word_1_309' title='bbox 952 4536 994 4600; x_wconf 89' lang='lat' dir='ltr'>ad</span> <span class='ocrx_word' id='word_1_310' title='bbox 1016 4558 1107 4601; x_wconf 82' lang='lat' dir='ltr'>veros</span> <span class='ocrx_word' id='word_1_311' title='bbox 1131 4562 1226 4605; x_wconf 84' lang='lat' dir='ltr'>rerum</span> 
     </span>
    </p>
   </div>
   <div class='ocr_carea' id='block_1_3' title="bbox 0 0 1374 5226">
    <p class='ocr_par' dir='ltr' id='par_1_5' title="bbox 0 0 1374 5226">
     <span class='ocr_line' id='line_1_37' title="bbox 0 0 1374 5226; baseline 0 0"><span class='ocrx_word' id='word_1_312' title='bbox 0 0 1374 5226; x_wconf 95' lang='lat' dir='ltr'> </span> 
     </span>
    </p>
   </div>
  </div>
 </body>
</html>
