2708 5226
520 519 609 588 1213.
632 518 676 588 ΙΙ.
694 538 745 607 27.
1116 523 1180 587 216

92 687 249 780 utrinqne,
269 707 337 782 per
352 687 630 781 paroolationem
655 690 822 760 nimirum
848 696 997 762 tenuem
1017 697 1058 761 et
1080 709 1188 761 aonu-

92 813 203 876 atam.
257 802 359 877 Nam
376 806 462 879 inde
479 807 522 879 fit
537 808 660 892 etiam,
675 808 770 900 quod
795 806 858 900 pili
883 805 1091 876 animalium
1114 828 1185 877 non

91 924 150 994 int
175 931 255 994 tam
283 921 433 1016 pulchri,
459 933 498 995 et
524 933 597 996 tam
627 925 737 995 vividi
764 923 903 1008 eoloris,
928 945 1035 1016 quam
1065 923 1184 993 avium

92 1037 210 1112 lamae
236 1038 458 1132 eomplnrea3
485 1040 568 1133 quia
591 1044 685 1113 moni
703 1065 775 1113 non
794 1050 868 1112 tam
883 1039 1039 1111 deliaate
1064 1061 1186 1133 perno-

91 1165 200 1228 antur
215 1177 284 1251 por
298 1165 433 1241 autem,
450 1180 557 1250 qnam
576 1180 640 1252 per
657 1156 844 1230 calamum.

129 1273 231 1345 Item
254 1271 432 1344 imantia
453 1271 645 1370 ooasomes
670 1283 764 1357 aunt
782 1289 938 1347 scrotum
962 1275 999 1344 in
1024 1271 1185 1344 animali·

91 1411 147 1463 ine
170 1390 363 1478 mascnlie3
387 1398 427 1465 et
443 1394 576 1463 matrix
593 1393 630 1463 in
647 1392 822 1464 foemellia
874 1390 979 1462 Adeo
997 1399 1039 1461 ut
1055 1389 1185 1462 nobilia

91 1507 141 1580 lla
157 1508 304 1592 fabrica,
319 1529 386 1601 per
402 1530 509 1600 qnam
525 1531 632 1580 aenne
650 1508 827 1592 differunt,
842 1508 1031 1602 (qnatenus
1048 1507 1093 1578 ad
1111 1507 1186 1578 ani·

91 1624 190 1697 nalia
214 1625 410 1718 terrestria)
435 1624 488 1695 nil
513 1625 610 1697 aliud
631 1628 794 1697 videatur
819 1647 905 1710 ease,
927 1646 1035 1718 quam
1060 1646 1186 1696 semin·

90 1743 168 1814 lum
184 1742 345 1813 exterius
362 1750 401 1814 et
415 1741 585 1831 interium
611 1744 644 1813 vi
661 1742 799 1815 seilicet
815 1742 948 1835 majore
973 1740 1098 1813 oaloria
1122 1762 1185 1835 ge-

90 1858 208 1930 nitalia
229 1858 268 1928 in
291 1880 379 1930 sexu
395 1857 554 1929 masculo
572 1861 803 1952 protrudente
820 1859 858 1928 in
876 1859 1046 1943 exterius,
1062 1857 1124 1928 ubi
1147 1858 1184 1928 in

90 1973 250 2046 lamellis
275 1974 382 2045 nimia
408 1974 535 2046 debilia
560 1985 617 2047 eet
644 1974 748 2058 calor,
770 1997 877 2068 quam
904 1983 947 2045 ut
973 1974 1041 2046 hoo
1069 1975 1185 2046 faoere

90 2093 216 2184 roaait3
241 2089 339 2161 unde
354 2091 495 2175 anoldit,
515 2092 611 2184 quod
629 2093 882 2164 contineantur
899 2091 1058 2162 interino.

131 2206 232 2279 Item
262 2206 440 2279 immnliae
469 2205 661 2304 enasormea
690 2215 784 2289 aunt,
812 2208 930 2300 pinna·
959 2207 1119 2301 piaoinm,
1146 2213 1186 2276 et

89 2325 193 2418 aedes
210 2325 489 2418 quadrupedum,
504 2333 567 2396 ant
583 2327 693 2418 pedes
709 2334 748 2396 et
767 2323 830 2394 alae
847 2322 1044 2409 volucrum,
1058 2321 1186 2414 qnibna

89 2439 223 2514 rddidit
238 2439 455 2513 Arietatelea
475 2451 629 2535 quatuor
645 2441 827 2512 volumina
852 2441 889 2511 in
916 2449 1019 2511 motu
1043 2461 1187 2533 serpen·

89 2554 206 2630 lumff.
257 2555 363 2630 Adeo
386 2567 428 2628 nt
451 2557 489 2628 in
514 2558 647 2630 fabrica
669 2559 833 2641 universi,
850 2565 971 2628 motus
987 2555 1185 2628 viventium

89 2673 284 2768 plerunque
300 2674 465 2746 videatur
479 2675 639 2768 expediri
665 2699 729 2769 per
751 2675 1005 2769 quaterniones
1031 2681 1184 2757 artuum,

88 2792 158 2863 eive
175 2787 384 2862 flexionnm.

132 2906 232 2979 Item
256 2906 383 2980 dentes
407 2908 444 2978 in
470 2905 682 2980 animalibus
707 2909 943 2994 terrestribus,
963 2917 1003 2981 et
1018 2916 1132 2981 rostra
1147 2908 1185 2979 in

88 3023 218 3108 aribus,
234 3032 319 3095 arnt
336 3024 513 3096 laudantia
529 3023 745 3121 conformem
762 3026 859 3097 unde
874 3025 1102 3097 manifestum
1121 3032 1185 3107 eat,

88 3140 120 3211 ln
136 3139 307 3213 omnibus
329 3140 540 3213 animalibus
556 3141 723 3234 perfectis
741 3141 851 3214 fluere
867 3143 992 3213 durum
1009 3141 1186 3234 quandam

88 3255 317 3329 mittentium
335 3279 457 3330 verena
474 3279 522 3330 oa.

131 3372 231 3445 Item
252 3396 326 3444 non
349 3374 501 3446 abanrda
525 3383 579 3446 ast
602 3373 799 3446 similitudo
816 3383 854 3445 et
871 3375 1098 3446 oonformitaa
1114 3371 1185 3455 illa,

87 3499 125 3562 nt
139 3490 251 3562 homo
267 3492 315 3561 ait
331 3501 500 3584 tanquam
518 3493 642 3585 planta
658 3492 807 3564 inversa.
858 3488 956 3561 Nam
979 3491 1080 3561 radix
1106 3512 1188 3561 ner·

87 3630 209 3678 rorum
226 3615 266 3679 et
281 3607 493 3679 facultatum
519 3607 724 3681 animalium
748 3616 804 3680 eat
827 3615 955 3701 capum
981 3615 1099 3701 partes
1124 3628 1187 3677 an·

87 3733 158 3796 mm
173 3723 364 3796 seminales
379 3735 465 3797 aunt
481 3727 619 3809 infima,
633 3748 705 3797 non
718 3728 934 3821 computatio
949 3726 1187 3797 extremitati·

87 3840 150 3912 bna
166 3840 336 3912 tibiamm
353 3850 393 3913 et
409 3843 644 3914 brachiorum.
694 3841 750 3914 At
767 3844 803 3913 in
828 3841 958 3935 planta,
975 3843 1077 3914 radix
1096 3848 1186 3936 (qun

86 3957 194 4030 tortor
220 3958 348 4051 capitia
377 3961 447 4052 eat)
475 3958 686 4054 regulariter
711 3960 834 4031 infimo
863 3959 943 4033 loco
969 3958 1186 4060 collocatum

86 4075 218 4147 aomina
233 4083 358 4147 antem
374 4097 550 4170 supremo.

129 4192 301 4286 Denique
325 4190 415 4263 illud
442 4195 589 4265 omnino
614 4194 887 4288 praecipiendum
911 4205 976 4279 eet,
997 4204 1036 4268 et
1060 4197 1187 4289 aaepiue

106 4417 142 4490 ‘⁸⁷
160 4418 316 4475 Ariamtla’a
333 4416 453 4474 addition
465 4419 488 4474 ia
500 4436 644 4476 moneona
652 4441 660 4484 ;
680 4418 733 4475 and
748 4418 864 4476 Baoon’a
880 4419 1108 4493 generalitationa,
1120 4419 1187 4476 both

85 4507 143 4566 bere
155 4507 211 4566 end
224 4507 321 4571 belom
334 4523 379 4562 are
390 4506 477 4580 haaty.
