2708 5226
217 551 282 618 292
541 547 714 612 novun
737 516 996 614 oscinum.

216 713 387 783 sistentiis
404 714 486 796 suis,
505 715 603 802 (sive,
622 715 650 785 si
669 713 808 797 malint,
824 715 862 784 in
879 714 1011 785 formis
1025 711 1118 801 suis)
1137 735 1208 784 nec
1233 711 1321 782 abiis

216 830 406 901 recedendi
424 829 552 914 subito,
570 831 637 901 nisi
657 854 721 924 per
736 830 862 901 modos
883 851 1025 911 suaves,
1044 851 1090 900 ae
1107 851 1176 922 per
1191 850 1321 899 consen·

217 967 297 1015 sum
315 945 524 1015 alterentur.
575 945 629 1016 At
644 945 751 1040 longe
767 945 880 1038 magis
897 946 1148 1015 necessarium
1165 953 1222 1015 est
1237 943 1320 1036 (quia

218 1060 333 1131 multa
362 1083 483 1132 secum
509 1062 641 1155 trahit)
667 1072 709 1132 ut
734 1062 924 1131 intimetur
948 1059 1172 1142 bominibus,
1197 1067 1320 1130 motum

219 1173 449 1248 violentum⁷¹
466 1182 588 1270 (quem
606 1199 669 1248 nos
686 1173 933 1258 mechanicum,
951 1175 1200 1257 Damocritus,
1217 1176 1318 1268 quiin

219 1291 377 1363 motibus
394 1294 466 1363 suis
484 1294 607 1385 primis
623 1289 855 1384 expediendis
882 1290 1000 1361 etiam
1020 1290 1115 1361 iufra
1136 1291 1318 1362 medioeres

221 1407 448 1501 philosophos
474 1407 657 1500 ponendus
682 1415 748 1491 est,
765 1413 905 1476 motum
926 1403 1051 1502 pluprs
1066 1402 1253 1494 vocantu)
1275 1404 1318 1475 nil

220 1524 317 1594 aliud
342 1545 547 1617 essequam
573 1533 711 1593 motum
739 1521 925 1604 libertatis,
951 1521 1093 1593 scilicet
1115 1544 1140 1591 a
1154 1543 1318 1616 compres-

220 1639 321 1709 sione
344 1640 389 1710 ad
413 1638 680 1710 relaxationem.
733 1637 878 1708 Etenim
897 1637 938 1707 in
956 1638 1057 1708 omni
1078 1638 1158 1709 siae
1180 1635 1317 1730 simplici

222 1756 455 1846 protrusione‚
478 1755 552 1824 sive
575 1752 695 1824 volatu
722 1776 786 1846 per
809 1753 941 1835 adrem,
967 1776 1043 1823 non
1068 1752 1114 1824 lit
1138 1754 1317 1824 summotis

222 1878 286 1940 aut
303 1870 390 1939 latio
407 1868 539 1953 localis,
556 1879 748 1962 antequam
773 1877 890 1962 partes
913 1870 1073 1964 corporis
1099 1878 1318 1963 prutemtu·

222 1983 344 2055 raliter
361 1986 542 2076 patiantur
558 1994 596 2055 st
613 1986 891 2078 comprimantur
910 1985 959 2055 ab
975 1983 1200 2078 impellente.
1237 1984 1317 2055 'lbu

223 2121 307 2170 vero
324 2103 483 2192 partibus
507 2100 587 2173 aliis
612 2099 698 2171 alias
725 2122 787 2194 per
809 2101 1072 2172 successionem
1089 2101 1317 2182 tradentibus,

223 2214 337 2287 fertur
353 2225 494 2301 totum3
520 2239 588 2287 nec
613 2216 729 2287 solum
755 2214 1026 2310 progrediendo,
1051 2217 1117 2288 sed
1141 2219 1252 2290 etiam
1272 2239 1318 2287 ro·

224 2332 332 2403 tando
349 2332 478 2417 simul;
498 2341 539 2402 ut
557 2333 667 2403 etiam
684 2331 752 2401 hoc
768 2330 874 2401 modo
891 2340 1014 2422 portes
1030 2353 1071 2403 se
1088 2332 1251 2416 liberare,
1266 2342 1318 2404 aut

223 2448 336 2540 magis
353 2469 398 2517 ex
417 2469 517 2538 aequo
534 2444 687 2518 tolerare
711 2445 855 2537 possint.
907 2443 1037 2538 Atque
1061 2448 1110 2519 de
1136 2449 1207 2520 hoc
1230 2457 1318 2520 metu

225 2562 408 2633 hacteuus.

276 2679 340 2766 (4.)
368 2679 425 2749 Sit
452 2688 570 2749 motus
596 2688 750 2771 quartus,
777 2687 893 2748 motus
919 2681 980 2748 cui
1007 2703 1144 2752 nomen
1170 2682 1318 2753 dedimus

225 2808 344 2866 motus
361 2793 507 2889 lpas&-
526 2798 587 2887 qui
603 2805 721 2867 motus
738 2794 980 2884 antistropbus
998 2806 1055 2866 est
1067 2797 1318 2888 quodammodo

227 2914 350 2991 motui,
381 2912 426 2982 de
454 2935 525 3003 quo
553 2912 721 2993 diximus,
749 2909 933 2980 libertatis.
988 2911 1139 2983 Etenim
1167 2916 1205 2985 in
1230 2924 1319 2984 motu

226 3027 399 3098 libertatis
416 3052 562 3121 corpora
587 3050 717 3097 novum
736 3027 946 3106 dimensum,
966 3029 1042 3100 sive
1067 3053 1199 3102 novam
1224 3032 1321 3124 sphu-

226 3166 311 3225 ram,
330 3146 402 3213 sive
425 3167 553 3214 novam
578 3144 823 3215 dilatationem
847 3152 910 3212 aut
937 3148 1226 3220 contractionem
1242 3148 1320 3241 (hau

228 3262 322 3331 enim
343 3262 528 3331 verborum
549 3262 700 3331 varietas
718 3261 815 3331 idem
833 3259 965 3349 innuit)
987 3263 1196 3347 exhorrent,
1215 3288 1321 3359 respu-

228 3386 304 3461 unt,
323 3379 475 3471 fugiunt,
493 3387 532 3448 et
549 3377 682 3446 resilire
705 3400 745 3446 ac
763 3386 917 3446 veterem
937 3379 1213 3452 consistentiam
1236 3404 1322 3452 recu·

227 3515 350 3585 perere
368 3495 452 3562 totis
469 3492 601 3561 viribus
618 3492 849 3562 contendunt.
874 3489 929 3560 At
947 3503 1075 3566 contra
1090 3497 1131 3566 in
1149 3498 1218 3569 boc
1233 3509 1321 3567 motu

228 3607 332 3702 hyles,
361 3632 506 3702 corpora
535 3631 662 3677 novam
693 3607 861 3699 sphaeram
891 3607 967 3678 sive
994 3609 1203 3685 dimensum
1230 3636 1322 3708 appe·

230 3732 333 3810 tunt3
358 3734 465 3816 atque
483 3725 526 3794 ad
545 3723 632 3793 illud
651 3724 805 3794 libenter
821 3733 858 3793 et
883 3746 1045 3816 propere,
1064 3738 1103 3799 et
1121 3734 1321 3824 quaudoque

266 3927 289 3969 ⁷¹
310 3928 404 3985 Motus
434 3932 536 3986 violens
566 3941 592 3985 et
622 3932 758 3986 naturalis.
799 3930 965 3986 substsnoes.
1017 3933 1078 3988 'I'hs
1101 3949 1220 3994 sceouut
1242 3939 1271 3994 oi
1288 3937 1323 3992 thr

232 4005 275 4060 Οἱ.
288 4024 362 4077 supr.
377 4007 398 4061 1.
412 4007 455 4063 66.
799 4010 884 4080 origin
896 4008 926 4062 ol
937 4011 1090 4068 Stalactites
1102 4015 1127 4069 is
1144 4018 1277 4072 artuicus
1291 4017 1322 4070 iu·

267 4083 293 4124 ⁷²
313 4086 412 4155 Plaqoe.
467 4086 510 4142 Cf.
541 4105 615 4158 supr.
647 4088 685 4143 11.
716 4103 760 4160 35.
801 4098 890 4143 stanes
910 4088 941 4140 or
960 4088 1127 4161 dogmatism
1149 4097 1261 4152 without
1282 4111 1322 4164 my

232 4164 355 4233 (notes.)
801 4165 884 4222 truth.
913 4165 1044 4241 Seuthsy,
1056 4171 1181 4229 'l'halsbc
1193 4175 1233 4230 11.
1245 4190 1284 4246 25,
1294 4174 1322 4227 rl·

267 4238 293 4280 ⁷³
310 4241 401 4311 Hyles,
419 4241 490 4310 ὕλης.
526 4244 584 4298 The
602 4246 718 4316 capacity
734 4245 764 4299 ol
801 4246 1059 4302 ludestoasimilsr
1067 4249 1152 4306 belief
1161 4251 1323 4326 thacrystnt

232 4320 458 4389 expansiou-tbe
470 4321 600 4394 tendsucy
612 4325 643 4378 ol
657 4331 760 4388 matter,
802 4343 845 4379 are
863 4325 903 4378 ice
920 4323 988 4396 long
1006 4330 1154 4399 congealed
1164 4355 1173 4397 ;
1192 4331 1322 4388 sudinb'u

232 4398 318 4453 under
329 4400 426 4452 certain
443 4399 656 4466 circumstances,
669 4412 696 4457 to
714 4421 760 4458 eu·
802 4415 878 4459 notes
890 4413 986 4474 quotes
998 4423 1028 4460 as
1041 4406 1084 4462 bis
1095 4409 1232 4485 authority
1239 4410 1322 4467 Camil·

232 4479 306 4548 large
322 4477 356 4532 its
375 4477 506 4532 bulk-as
524 4480 546 4533 is
563 4490 591 4534 to
607 4480 640 4535 be
658 4499 720 4536 seen
733 4483 761 4535 iu
801 4484 845 4536 lus
864 4481 1022 4540 leonardus
1043 4487 1073 4541 in
1094 4487 1138 4542 his
1159 4485 1324 4546 “Mirrorol

233 4557 279 4612 the
300 4573 358 4611 case
379 4555 410 4610 ol
430 4555 508 4619 Heat,
529 4576 561 4614 or
580 4559 610 4612 os
628 4561 761 4630 explosive
802 4560 928 4616 Stanes.''
