2708 5226
576 548 664 612 mu
680 548 728 611 11.
745 567 796 631 52.
1163 550 1227 614 een

128 709 259 802 quibus
290 711 542 804 incipiendum,
570 736 615 784 ne
645 725 765 783 actum
791 734 957 806 agamus3
984 723 1024 782 ut
1052 712 1227 783 instantius

123 826 326 920 potcstatis:
353 837 417 899 aut
442 830 488 899 ad
511 831 596 920 quid
623 829 880 922 suspirandum,
899 831 928 899 si
946 829 1051 899 detur
1066 827 1224 910 facultaa,

126 951 170 1013 ut
200 943 390 1013 innuentes.
443 944 654 1015 Mensurant
679 955 831 1037 quatuor
859 945 928 1016 illae
953 941 1224 1015 mathematica:

124 1059 316 1130 sublevant
327 1057 554 1155 polycletustce
570 1071 609 1131 et
626 1060 778 1157 mupicce.

178 1176 315 1247 Rursus
332 1177 471 1247 existis
488 1177 663 1248 instantiis
676 1177 802 1270 viginti
819 1187 965 1269 septem,
977 1177 1223 1249 nonnullarum

126 1292 185 1379 (ut
202 1293 363 1384 superius
380 1294 535 1363 diximus
548 1293 594 1365 de
611 1293 800 1386 aliquibus)
813 1294 975 1364 facienda
991 1303 1045 1365 est
1062 1294 1225 1365 collectio

117 1409 195 1501 jam
211 1408 256 1478 ab
268 1408 381 1490 initio,
393 1430 457 1479 nec
469 1408 689 1501 expectanda
700 1407 919 1502 particularis
932 1410 1112 1501 inquisitio
1122 1420 1225 1481 nutu-

125 1546 257 1594 rarum.
275 1523 386 1617 Cujus
395 1526 534 1618 generis
545 1536 629 1595 sunt
635 1525 811 1596 instantia
820 1522 1019 1620 conformes,
1028 1524 1225 1609 monodicoe,

125 1638 309 1722 dementes,
319 1637 516 1721 limitaneus,
521 1640 710 1734 potestatis,
711 1641 846 1734 junna,
857 1636 1042 1725 innuentes,
1048 1639 1227 1737 patriciace-

123 1764 196 1836 stre,
215 1756 367 1852 mupicce.
400 1755 469 1826 Hae
487 1758 581 1828 euim
600 1769 663 1828 aut
680 1758 899 1829 auxiliantur
915 1765 952 1827 et
968 1758 1157 1829 medentur
1174 1761 1229 1828 in·
1259 1765 1261 1770 ’

124 1871 287 1942 tellectui
302 1883 338 1943 et
352 1874 491 1956 sensui;
517 1886 580 1943 aut
598 1875 779 1944 instruunt
797 1873 920 1965 praxin
939 1873 974 1942 in
988 1895 1127 1965 genere.
1158 1873 1229 1945 Re·

126 1987 231 2079 liquae
250 1999 326 2059 tum
345 1991 492 2060 demum
518 1990 767 2081 conquirendas
784 1998 876 2070 sunt,
894 2011 975 2058 cum
1001 1989 1229 2060 conficiemus

124 2101 257 2174 tubulus
279 2104 523 2198 competentia
540 2105 584 2174 ad
611 2126 701 2196 opus
726 2103 931 2194 interpretis
957 2103 1049 2172 circa
1074 2103 1229 2194 aliquam

124 2229 289 2290 naturam
314 2220 575 2312 particularem.
628 2215 723 2290 Sunt
749 2215 845 2288 enim
864 2215 1041 2286 instantia
1049 2239 1230 2313 prensoqu-

122 2334 203 2406 tieis
230 2337 306 2406 istis
331 2337 506 2429 insignitae
529 2347 567 2408 et
590 2337 742 2417 donatae,
765 2335 896 2404 animae
917 2334 1028 2401 instar
1046 2333 1139 2403 inter
1156 2332 1231 2403 vul·

121 2475 223 2544 gares
242 2453 428 2523 instantias
445 2452 716 2544 comparantia:
744 2459 792 2530 et,
812 2458 854 2519 ut
877 2449 922 2520 ab
945 2447 1049 2516 initio
1067 2447 1230 2530 diximus,

120 2591 241 2660 qianeae
276 2567 413 2637 illarum
448 2577 531 2638 sunt
564 2568 640 2637 vice
676 2566 884 2637 multarum.
938 2564 1114 2650 Quocirca
1148 2588 1229 2635 oum

120 2681 254 2753 tubulus
270 2682 487 2766 conficimus,
505 2683 575 2753 illae
596 2683 695 2754 omui
720 2684 840 2754 studio
864 2693 949 2754 sunt
971 2682 1231 2778 investigandae,

121 2801 214 2869 etin
233 2795 362 2869 tubulus
379 2798 583 2870 referende.
636 2798 718 2871 Erit
735 2801 847 2872 etiam
872 2824 997 2874 earum
1022 2802 1156 2875 mentio
1173 2822 1232 2870 ne-

120 2916 274 2984 cessaria
290 2915 326 2983 in
343 2914 385 2982 iis
402 2936 480 3004 quae
498 2922 708 3004 sequuntur.
738 2914 1006 3007 Praeponendus
1023 2919 1142 3007 itaque
1155 2921 1233 2983 erat

122 3053 246 3101 earum
264 3038 447 3099 tractatus

174 3145 212 3216 N
214 3168 284 3215 une
295 3168 378 3215 vero
391 3145 436 3215 ad
450 3140 668 3214 adminicula
681 3153 720 3215 et
732 3145 993 3237 neutijicutioncs
1011 3144 1232 3228 inductionis,

123 3275 163 3335 et
187 3263 354 3353 deinceps
376 3259 421 3329 ad
439 3266 606 3340 concretu,
625 3268 663 3329 et
679 3255 819 3328 &utentes
833 3281 1022 3351 processus,
1040 3270 1077 3330 et
1094 3259 1233 3330 latentes

124 3377 390 3457 schematismos,
404 3385 443 3446 et
460 3375 609 3467 reliqua,
621 3397 702 3466 quae
722 3369 919 3466 aphorismo
933 3379 994 3442 21.
1013 3373 1135 3444 ordine
1153 3398 1231 3466 pro·

126 3495 320 3589 posuimus,
338 3491 581 3585 pergendum3
607 3501 649 3560 ut
671 3489 816 3558 tandem
843 3490 1027 3579 (tanquam
1054 3499 1233 3559 curatores

127 3610 230 3703 probi
263 3616 302 3679 et
332 3606 471 3699 fideles)
502 3606 683 3676 tradamus
717 3603 920 3673 hominibus
950 3604 1110 3673 fortunas
1143 3626 1231 3687 suas,

127 3725 352 3816 emancipato
370 3721 571 3803 intellectu,
588 3731 626 3792 et
644 3721 738 3790 facto
762 3728 931 3810 tauquam
954 3720 1109 3810 majore3
1136 3720 1232 3791 unde

129 3863 273 3911 necesse
291 3847 346 3908 est
362 3839 461 3929 sequi
479 3838 765 3908 emendationem
790 3843 902 3904 statua
922 3834 1086 3917 hominis,
1104 3846 1142 3905 et
1159 3859 1233 3905 arrr-

128 3955 336 4046 pliationem
356 3952 541 4046 potestatis
558 3953 634 4045 ejus
651 3973 756 4042 super
772 3960 944 4020 naturam.
998 3948 1119 4020 Homo
1136 3953 1231 4021 enim

128 4094 193 4162 per
211 4070 349 4161 lapsum
368 4077 404 4137 et
423 4068 468 4136 de
492 4075 588 4136 statu
612 4066 823 4136 innocentiae
840 4066 985 4147 decidit,
1004 4077 1042 4134 et
1061 4066 1105 4135 de
1123 4089 1233 4160 regno

127 4188 164 4255 in
194 4194 385 4255 creaturas.
439 4181 601 4272 Utraque
628 4189 748 4251 autem
780 4204 835 4253 res
865 4182 973 4251 etiam
1003 4182 1041 4250 in
1072 4181 1138 4252 hac
1165 4183 1237 4252 vita

129 4300 304 4372 nonnulla
329 4322 376 4369 ex
400 4307 502 4393 purte
527 4299 678 4389 reparari
706 4305 845 4389 potest;
881 4297 976 4389 prior
1003 4319 1068 4388 per
1093 4298 1238 4393 religio-

129 4440 213 4487 ueru
232 4425 271 4488 et
288 4415 407 4500 fidem,
425 4414 595 4506 posterior
615 4435 677 4505 por
698 4421 791 4482 artes
814 4423 852 4482 et
874 4413 1051 4483 scientias.
1104 4410 1237 4505 Neque

131 4535 227 4603 enim
256 4555 319 4624 per
344 4528 630 4601 maledictionem
654 4529 748 4599 facta
773 4539 827 4599 est
853 4539 1014 4600 creatura
1039 4550 1183 4621 prorsus
1202 4539 1239 4596 et

683 4667 704 4712 n
