2708 5226
199 598 262 665 164
531 598 708 665 NOVUM
737 595 985 664 ORGANUM.

531 776 596 848 Ad
610 777 777 850 daciam
796 786 965 873 qtmrtom.

249 907 308 973 20.
335 899 432 973 Huic
448 925 520 972 non
538 903 765 997 subjungitur
781 897 948 998 nepetino.
1001 898 1102 969 Nihil
1121 898 1219 968 enim
1243 917 1296 966 re·

200 1020 336 1110 peritur
356 1018 451 1110 apud
473 1040 539 1088 nos
563 1018 637 1088 aive
662 1018 844 1112 tangibile,
862 1018 935 1088 sive
960 1009 1187 1107 spirituale⁶⁷,
1205 1012 1295 1105 quod

198 1133 383 1203 admotum
412 1133 487 1227 igni
516 1156 588 1205 non
617 1133 775 1227 excipiat
804 1132 969 1203 calorem.
1032 1130 1078 1201 In
1104 1153 1149 1200 eo
1178 1138 1296 1199 tamen

201 1248 380 1332 differunt,
407 1249 503 1341 quod
533 1248 603 1320 alia
629 1249 810 1343 excipiant
838 1247 989 1319 calorem
1019 1248 1134 1329 citius,
1163 1253 1204 1316 nt
1230 1246 1297 1325 air,

201 1364 332 1448 oleum,
350 1374 389 1436 et
413 1387 526 1457 aqna3
551 1366 621 1437 alia
637 1366 781 1448 tardius,
799 1375 841 1434 ut
857 1363 945 1457 lapis
962 1374 1001 1436 et
1017 1362 1175 1434 metalla.
1226 1360 1298 1433 Ve-

200 1505 279 1553 rnm
296 1483 364 1554 hoc
380 1485 536 1576 pertinet
553 1483 598 1554 ad
620 1480 786 1554 Tabulam
799 1479 986 1578 producam.

534 1648 598 1721 Ad
613 1646 779 1722 decimam
797 1646 962 1745 quintam.

252 1786 312 1853 al.
346 1781 446 1853 Huic
474 1782 651 1853 instantiae
681 1805 752 1854 non
783 1782 1010 1877 subjungitur
1037 1774 1195 1878 nepetino
1221 1775 1297 1857 alia,

201 1921 308 1990 quam
325 1907 366 1967 ut
382 1898 476 1969 bene
499 1907 652 1982 notetur,
671 1921 742 1969 non
763 1897 913 1970 excitari
938 1896 1110 1968 scintillae
1135 1919 1182 1968 ex
1205 1892 1299 1965 silice

201 2021 239 2096 et
256 2011 415 2107 chalybe,
433 2023 497 2083 aut
518 2012 588 2086 alia
610 2015 728 2106 aliqua
744 2015 944 2086 substantia
959 2014 1059 2096 dura,
1077 2013 1143 2083 nisi
1161 2010 1224 2081 ubi
1241 2033 1301 2081 ex·

201 2129 387 2200 cutiuntur
403 2131 562 2201 minutiae
580 2131 706 2223 aliquae
722 2153 769 2201 ex
786 2132 862 2224 ipsa
881 2130 1080 2201 substantia
1102 2128 1230 2221 lapidis
1246 2125 1299 2197 vel

201 2244 351 2316 metalli:
370 2268 488 2338 neque
503 2246 621 2319 abram
639 2247 804 2318 attritum
823 2269 979 2338 unquam
996 2268 1060 2339 per
1077 2268 1116 2315 ae
1132 2265 1300 2340 generare

201 2359 383 2444 scintillae,
400 2373 444 2432 ut
460 2361 567 2456 vulgo
585 2358 768 2455 putantffi:
795 2363 881 2453 quin
900 2370 938 2431 et
955 2361 1038 2455 ipsae
1055 2359 1124 2431 illae
1141 2358 1300 2430 scintilla

202 2499 248 2546 ex
262 2477 417 2568 pondere
434 2479 587 2570 corporis
601 2479 705 2571 igniti
724 2478 836 2570 magis
850 2486 1002 2570 vergunt
1016 2476 1179 2546 deorsum
1196 2498 1300 2567 quam

202 2615 350 2674 aureum,
369 2603 407 2662 et
432 2593 469 2662 in
495 2593 716 2663 extinctione
741 2594 893 2663 redeunt
919 2595 955 2663 in
981 2593 1159 2686 quandam
1187 2591 1304 2685 fuligi-

203 2729 285 2777 nem
304 2729 521 2799 corpoream.

554 2839 618 2910 Ad
632 2839 798 2912 decimam
815 2852 957 2913 aemam.

255 2968 315 3034 22.
343 2962 598 3034 Existimamua
623 2964 707 3036 huic
732 2967 908 3037 instantiae
931 2990 1003 3036 non
1021 2966 1186 3058 subjungi
1204 2987 1303 3061 mepa-

204 3078 319 3149 tiaam.
372 3076 526 3148 Nullum
549 3080 646 3149 enim
672 3081 851 3151 invenitur
876 3081 971 3173 apud
998 3104 1063 3152 nos
1085 3103 1212 3173 corpus
1230 3091 1304 3150 tan·

202 3193 323 3289 gibile,
354 3194 448 3287 quod
480 3217 551 3264 non
581 3217 627 3265 ex
658 3196 842 3267 attritione
876 3197 1064 3267 manifesto
1094 3191 1303 3277 calescatffl3

203 3312 293 3382 adeo
310 3320 351 3381 ut
365 3318 502 3381 veteres
519 3311 747 3392 somniarent,
761 3334 831 3381 non
849 3313 962 3382 inesse
980 3311 1184 3382 coelestibus
1201 3310 1302 3381 aliam

205 3429 278 3497 vim
304 3437 368 3497 aut
391 3427 560 3496 virtutem
583 3426 825 3511 calefaciendi,
842 3429 909 3498 nisi
937 3451 984 3498 ex
1011 3429 1194 3498 attritione
1219 3428 1305 3499 a'e'rie

205 3565 268 3635 per
289 3543 503 3613 rotationem
526 3544 685 3635 rapidam
709 3553 747 3614 et
769 3545 965 3615 incitatam.
1018 3544 1157 3616 Verum
1181 3546 1219 3614 in
1240 3544 1304 3615 hoc

240 3754 265 3796 ⁶⁷
277 3757 322 3810 An
334 3753 380 3809 old
394 3753 540 3809 Scholastie
553 3751 674 3809 division.
694 3753 736 3825 By
777 3771 808 3808 no
819 3771 891 3808 seem
903 3753 992 3809 colder
1003 3764 1031 3809 to
1043 3754 1088 3809 the
1100 3755 1192 3810 touch.

206 3839 226 3866 “
237 3833 390 3905 spirituale''
410 3832 501 3887 Bacon
524 3831 654 3903 probably
674 3831 736 3885 herc
812 3829 838 3870 ⁶⁸
857 3832 906 3886 Air
929 3833 1014 3886 under
1039 3834 1221 3904 comproeaion
1245 3831 1306 3887 doce

206 3927 298 3967 meana
316 3911 384 3966 auch
401 3910 493 3981 thiuga
511 3927 541 3964 aa
553 3909 646 3964 Genea.
684 3908 736 3964 Hie
776 3910 841 3964 emit
864 3912 958 3980 aparka
980 3912 1011 3965 os
1028 3911 1162 3966 sufficiant
1182 3912 1308 3982 intanaity

207 3991 272 4045 view
283 3989 314 4044 ol
329 3989 374 4043 the
391 3989 498 4042 relativa
515 3987 595 4058 apeed
607 3988 638 4042 os
647 3987 736 4042 differ·
777 3998 806 4043 to
817 3990 900 4059 ignite
912 3989 1029 4044 German
1041 3989 1137 4044 tinder.

207 4077 253 4123 ent
271 4067 426 4122 substancea
445 4066 474 4120 in
492 4066 630 4137 amuiring
640 4065 736 4121 heatia
813 4065 838 4105 ω
859 4066 974 4122 Friction
999 4068 1030 4133 iav
1045 4086 1097 4132 one
1120 4068 1152 4122 oi
1169 4067 1216 4122 the
1240 4074 1308 4122 moat

207 4148 243 4200 all
257 4162 359 4215 wrong.
395 4144 444 4197 air
461 4143 502 4214 (aa
521 4145 543 4198 it
559 4144 582 4198 ia
602 4161 633 4199 ao
650 4143 703 4198 had
722 4162 739 4199 a
778 4145 922 4214 important
959 4163 1066 4200 aourcea
1093 4147 1124 4200 ol
1152 4145 1244 4212 Heat3
1279 4162 1307 4199 aa

207 4221 366 4290 conductor)
378 4221 401 4275 ia
413 4240 476 4293 very
488 4223 569 4276 alon:
584 4221 682 4276 Matala
694 4240 739 4277 are
780 4222 871 4278 Count
884 4223 1040 4278 Rumlord’e
1054 4227 1232 4295 experimenta
1244 4225 1309 4279 have

208 4300 379 4373 particularly
396 4298 491 4370 rapid;
508 4299 559 4354 but
579 4299 693 4355 bocauna
711 4301 742 4354 os
779 4301 878 4371 proved
891 4301 948 4356 that
965 4321 1000 4356 an
1018 4303 1158 4358 unlimited
1175 4305 1272 4375 supply
1282 4302 1312 4357 ot

208 4379 255 4434 tha
266 4379 307 4433 sar
317 4386 421 4449 greater
431 4378 546 4432 number
556 4379 588 4433 ol
596 4378 663 4433 their
678 4397 737 4448 par-
781 4380 851 4434 Haat
865 4397 915 4434 can
932 4381 964 4435 be
980 4381 1105 4435 obtained
1117 4382 1154 4454 hy
1165 4383 1188 4437 it
1198 4382 1308 4436 without

208 4458 291 4521 ticlea,
303 4457 367 4528 they
377 4455 413 4510 do
424 4464 472 4511 not
484 4455 557 4510 ahcw
568 4457 589 4512 it
601 4474 632 4511 ao
644 4457 737 4528 quick·
779 4457 953 4530 diminiahing
965 4458 1011 4514 the
1022 4462 1144 4534 quantity
1156 4462 1187 4518 ol
1196 4461 1242 4517 tha
1253 4478 1307 4516 ma-

208 4538 252 4608 ly;
270 4534 324 4590 and
342 4534 384 4590 ior
402 4534 448 4590 the
468 4552 541 4590 name
561 4552 656 4589 reason
675 4534 739 4607 they
779 4537 875 4591 teriala.

208 4632 283 4686 carry
290 4612 333 4670 off
341 4612 413 4668 Heat
423 4613 464 4669 sar
475 4630 549 4668 more
559 4611 672 4684 rapidly,
684 4612 738 4669 and
