2708 5226
125 582 190 656 194
449 579 624 646 NOVUM
646 578 894 646 ORGANUM.

170 767 260 828 ores,
285 764 438 836 quorum
465 742 592 813 odores
620 741 724 813 facile
749 751 980 815 evanescunt.
1031 741 1123 815 Nam
1144 743 1197 814 boe

170 861 302 953 reperit
323 860 507 939 industria,
526 866 567 930 ut
584 857 762 930 eollooent
783 859 904 953 ignem
923 881 993 930 non
1011 859 1136 943 subter,
1150 863 1198 932 sed

169 999 286 1070 supra,
304 984 346 1046 ut
368 976 496 1047 adurat
521 977 650 1046 minus.
702 973 836 1068 Neque
858 976 954 1047 euim
979 974 1119 1048 flamma
1138 987 1200 1048 tan·

171 1104 249 1164 tum
267 1092 382 1186 vergit
400 1113 549 1172 sursum,
566 1091 629 1162 sed
646 1091 756 1162 etiam
774 1114 882 1162 omne
898 1091 1068 1163 calidum.

222 1209 304 1281 Fiat
326 1216 447 1280 autem
472 1208 760 1300 experimentum
783 1207 889 1303 hujus
910 1210 963 1282 rei
989 1210 1028 1280 in
1050 1212 1203 1281 eontraria

170 1337 297 1399 natura
319 1326 461 1420 frigidi:
488 1325 553 1395 viz.
571 1335 692 1395 utrum
714 1324 826 1418 frigus
848 1348 923 1397 non
940 1327 1124 1398 oontrahat
1143 1350 1204 1398 eor·

170 1466 238 1537 pus
263 1441 511 1515 descendendo
531 1441 717 1523 deorsum
743 1442 1047 1534 quemadmodum
1069 1444 1203 1516 ealidun

171 1561 299 1632 dilatat
324 1581 451 1652 eorpus
475 1558 700 1629 ascendendo
721 1581 872 1630 sursum.
925 1557 1056 1652 Itaque
1079 1561 1205 1634 adhibe

171 1686 279 1747 autur
303 1677 376 1747 duo
401 1673 528 1746 bacilla
551 1674 674 1758 ferrea,
693 1674 751 1746 vel
776 1676 848 1746 duo
871 1676 950 1746 tubi
974 1677 1090 1761 vitrei,
1106 1677 1204 1771 quoad

172 1802 299 1864 caetera
331 1814 461 1885 pares3
502 1800 540 1862 et
574 1790 739 1862 calefiant
772 1791 959 1880 nonnihi13
1002 1803 1043 1865 et
1075 1803 1206 1887 ponatur

172 1908 320 2001 spongia
345 1930 425 1977 eum
453 1929 544 1999 aqua
569 1906 708 2002 frigida,
727 1906 783 1978 vel
809 1907 883 1991 nix,
899 1908 1027 1981 subter
1051 1933 1164 1994 unam,
1177 1919 1205 1980 et

172 2023 338 2095 similiter
364 2046 470 2116 super
494 2022 656 2095 alteram.
708 2022 966 2097 Existimamus
995 2027 1103 2112 enim,
1131 2027 1204 2098 oele

173 2143 303 2212 riorern
331 2141 407 2211 fore
437 2140 740 2234 refrigerationem
768 2141 812 2211 ad
840 2145 1091 2217 extremitates
1118 2147 1151 2216 in
1173 2165 1203 2215 eo
1244 2136 1246 2205 ἱ

173 2256 300 2329 bacillo
328 2257 389 2327 ubi
414 2258 479 2326 nix
505 2256 650 2350 ponitur
674 2278 788 2350 supra,
806 2280 914 2350 quam
940 2260 979 2329 in
1006 2283 1051 2333 eo
1076 2261 1134 2333 ubi
1157 2262 1203 2331 nix

171 2374 318 2468 ponitur
334 2374 480 2446 subter:
506 2383 630 2445 contre
645 2396 687 2444 ae
704 2373 747 2444 lit
763 2375 801 2444 in
819 2374 945 2448 calido.
1243 2396 1246 2503 p

127 2606 247 2679 Tertia
272 2603 467 2701 dfferentia
489 2630 532 2678 ea
557 2618 634 2694 ast3
663 2619 704 2678 ut
730 2608 825 2680 calor
850 2612 895 2681 sit
922 2621 1052 2693 motus,
1072 2637 1138 2684 non
1160 2634 1205 2682 er-

174 2725 339 2818 pansivus
364 2724 590 2794 uniformiter
619 2727 814 2796 secuudum
841 2735 973 2815 totum,
1001 2731 1065 2800 sed
1097 2752 1205 2823 expan-

172 2844 268 2912 sivus
285 2865 349 2935 per
369 2840 557 2932 particulas
574 2843 728 2913 minores
748 2845 923 2936 eorporis3
949 2854 989 2918 et
1005 2847 1112 2917 simul
1131 2846 1207 2918 oohi·

174 2959 278 3041 bitus,
302 2967 340 3029 et
367 2956 536 3050 repulsus,
560 2966 598 3028 et
624 2959 891 3044 reverberatus3
921 2962 1013 3034 adeo
1036 2974 1079 3035 ut
1103 2965 1207 3035 induat

173 3084 312 3146 motum
336 3073 629 3156 alternativum35,
652 3087 690 3145 et
713 3086 884 3170 perpetuo
912 3081 1161 3172 trepidantem,
1180 3088 1208 3148 et

174 3201 385 3273 tentantem,
412 3200 449 3262 et
476 3191 662 3273 nitentem,
689 3202 727 3262 et
752 3215 799 3263 ex
824 3197 1090 3287 repercussione
1115 3198 1209 3268 irrita·

173 3319 273 3394 tum;
296 3310 391 3378 unde
410 3309 507 3378 furor
522 3306 584 3378 ilie
601 3308 693 3401 ignis
710 3318 748 3379 et
765 3308 890 3381 caloris
908 3320 1027 3383 ortum
1047 3314 1161 3386 habet.

225 3424 300 3497 Ista
315 3448 398 3496 vero
416 3422 611 3520 dffrreatia
632 3426 835 3497 ostenditur
852 3431 1009 3501 maxime
1031 3433 1068 3502 iu
1087 3431 1211 3504 flamma

174 3553 212 3614 et
238 3542 432 3635 liquoribus
458 3541 705 3612 bullientibus:
734 3565 810 3634 quas
837 3554 1011 3638 perpetuo
1035 3550 1211 3642 trepidant,

175 3670 213 3730 et
231 3662 266 3729 in
284 3661 400 3753 parvis
418 3659 638 3751 portionibus
657 3667 809 3743 tument,
827 3670 866 3732 et
883 3685 1003 3735 rursus
1020 3666 1206 3737 subsidunt.

225 3774 438 3846 Ostenditur
460 3777 568 3846 etiarn
587 3775 683 3844 iniis
706 3777 920 3869 corporibus,
938 3803 1021 3871 quae
1045 3792 1132 3853 sunt
1154 3791 1214 3852 tam

175 3892 272 3961 dura
295 3893 486 3986 compagis,
502 3902 544 3962 ut
566 3891 738 3964 calefacta
760 3904 823 3964 aut
846 3895 960 3989 ignita
981 3920 1056 3969 non
1077 3900 1216 3970 intume

125 4166 194 4237 light
210 4167 256 4221 lire
271 4166 357 4222 under
370 4167 399 4221 it.
435 4167 493 4223 The
509 4185 602 4223 reason
615 4167 655 4222 ior
696 4187 727 4224 or
743 4171 843 4235 eolour,
855 4171 879 4225 is
893 4171 1013 4244 possibly
1026 4191 1042 4228 s
1053 4185 1155 4231 conset
1168 4189 1218 4228 oue.

125 4245 655 4318 thisiathatbythismeanstlregreat·
698 4248 754 4303 But
778 4249 801 4303 ii
822 4251 862 4320 (as
890 4268 976 4305 seems
1000 4253 1100 4310 almost
1122 4252 1219 4319 min)

125 4336 166 4381 est
186 4326 302 4397 possible
320 4326 463 4397 regularity
481 4327 511 4381 oi
527 4336 656 4396 tempera·
699 4328 771 4383 Heat
788 4329 822 4383 be
842 4328 972 4399 regarded
990 4348 1021 4386 aa
1040 4334 1167 4398 mandat,
1182 4331 1220 4386 the

125 4414 184 4460 ture
195 4423 245 4460 ean
257 4404 290 4460 be
302 4404 435 4459 obtained.
699 4405 861 4480 undulatory
877 4408 984 4482 theory
1002 4421 1080 4468 must
1096 4412 1131 4469 bs
1150 4411 1220 4468 abnn-

160 4483 186 4524 ³⁶
203 4484 270 4540 'liris
284 4483 376 4539 notion
390 4484 420 4539 oi
432 4485 616 4539 transmission
629 4485 660 4540 of
699 4483 797 4541 doned.

128 4565 225 4621 Wares
239 4564 270 4619 oi
286 4562 406 4627 Hastae
424 4563 455 4618 oi
469 4563 547 4634 light,
560 4563 657 4628 mund,
