2708 5226
459 527 548 592 LIB.
564 527 592 592 1.
609 531 661 592 66.
1074 530 1119 597 dd)

107 714 139 760 »n
169 689 351 783 patiantur
376 692 554 762 unitatem
580 701 714 761 naturae
740 713 880 783 prorsus
907 692 1025 762 dirimi
1052 704 1117 764 aut

107 807 176 890 udi,
204 817 247 877 ut
273 829 422 877 vacuum
453 807 577 877 detur:
614 818 676 879 aut
704 809 732 879 si
759 811 838 899 quis
866 808 973 892 dicat,
1000 811 1116 883 inesse

107 923 212 994 ribus
235 925 433 1016 appetitum
457 946 495 995 se
519 924 714 1017 recipiendi
737 927 773 995 in
796 925 996 997 naturalem
1014 949 1115 997 sunm

107 1042 266 1112 unionem
290 1039 345 1110 vel
371 1049 562 1123 teneuram,
581 1050 633 1123 nt,
652 1041 682 1111 si
705 1040 799 1110 ultra
824 1064 913 1124 eam,
938 1050 1002 1112 aut
1027 1043 1118 1113 citra

111 1158 394 1249 comprimantur
410 1166 474 1227 aut
491 1157 741 1240 distrahantur,
760 1160 881 1228 statim
900 1160 936 1227 in
955 1166 1115 1230 veteram

106 1297 177 1344 ram
202 1282 241 1344 et
262 1275 572 1366 exporrectionem
596 1297 696 1344 suam
719 1296 757 1345 sa
778 1297 987 1368 recuperare
1005 1286 1044 1346 et
1061 1298 1117 1346 re-

106 1413 150 1460 no
173 1390 384 1461 moliantur:
412 1400 475 1460 aut
496 1392 524 1460 si
547 1392 627 1483 quis
647 1391 753 1472 dicat,
772 1392 885 1463 inesse
909 1392 1113 1485 corporibus

106 1510 207 1579 itum
224 1508 509 1601 congregationis
526 1508 571 1578 ad
589 1530 720 1578 massas
733 1506 1018 1579 connaturalium
1034 1531 1115 1580 sno-

110 1625 302 1695 densorum
320 1623 487 1694 videlicet
505 1646 625 1695 versus
643 1624 763 1695 orbem
782 1635 895 1707 terrae,
909 1626 1115 1696 tenuiorum

105 1743 241 1812 riorum
267 1763 388 1813 versus
413 1741 588 1811 ambitum
614 1740 716 1813 coeli:
747 1740 821 1811 hacc
847 1752 884 1812 et
909 1741 1113 1835 hujusmodi

104 1857 250 1951 physica
266 1864 350 1926 sunt
366 1879 498 1950 genera
515 1868 690 1927 motuum.
734 1861 788 1926 At
805 1856 867 1927 illa
883 1857 995 1929 altera
1008 1858 1114 1952 plane

104 1995 120 2043 t
145 1982 229 2042 sunt
252 1981 290 2043 et
313 1969 530 2053 scholastica,
550 1981 591 2042 nt
614 1996 660 2042 ex
683 1970 749 2042 hac
774 1972 964 2046 collatione
988 1998 1113 2046 eorum

104 2092 197 2163 festo
215 2090 340 2181 liquet.

104 2231 189 2300 sque
207 2209 325 2276 minus
341 2206 450 2276 etiam
468 2205 602 2276 malum
620 2216 684 2288 est,
703 2205 798 2297 quod
819 2208 855 2275 in
880 2205 1113 2299 philosophiis

104 2321 431 2415 ›ntemplationibus
460 2324 543 2406 suis,
573 2323 609 2390 iu
640 2323 824 2414 principiis
854 2345 973 2392 rerum
1003 2332 1113 2414 atque

103 2439 231 2511 ratibus
261 2448 394 2509 naturae
425 2437 678 2532 investigandis
705 2446 743 2508 et
774 2439 976 2522 tractandis,
1006 2460 1114 2532 opera

103 2567 224 2641 natur;
250 2579 332 2626 cum
355 2557 470 2626 omnis
494 2554 630 2624 utilitas
653 2564 692 2623 et
715 2553 865 2624 facultas
887 2557 1056 2647 operandi
1075 2558 1112 2626 in

103 2676 131 2745 is
154 2673 335 2743 consistat.
389 2669 485 2742 Hinc
507 2671 559 2752 fit,
578 2679 620 2741 ut
641 2669 846 2742 abstrahere
868 2682 1030 2743 naturam
1050 2673 1113 2745 ho-

102 2812 117 2861 s
138 2812 211 2858 non
232 2788 404 2869 desinant,
424 2788 537 2857 donec
555 2788 598 2858 ad
617 2790 802 2859 materiam
820 2788 1055 2882 potentialem
1072 2800 1111 2863 et

102 2929 196 2977 mem
223 2912 368 2976 ventum
395 2903 524 2991 fuerit3
559 2927 625 2975 nec
654 2928 773 2976 rursus
801 2927 919 2976 secare
946 2915 1111 2977 naturam

103 3032 180 3105 ant,
206 3020 321 3090 donec
352 3029 563 3110 perventum
590 3018 699 3090 fucrit
728 3020 773 3090 ad
803 3028 985 3106 atomum
1022 3045 1111 3113 quac,

102 3141 142 3210 tsi
162 3161 245 3208 vera
262 3146 388 3215 essent,
406 3145 527 3205 tamen
545 3135 589 3206 ad
603 3135 777 3227 juvandas
794 3135 981 3206 hominum
997 3136 1112 3208 fortu-

101 3276 211 3326 tarum
228 3260 385 3344 possunt.

101 3485 147 3542 red
159 3487 181 3540 it
192 3485 228 3556 by
238 3502 254 3538 e
263 3489 280 3513 ‘⁶
288 3483 385 3538 crucial
397 3483 539 3538 lnstance”
581 3483 638 3538 that
650 3483 740 3554 things
751 3483 836 3555 heavy
846 3484 976 3555 naturally
985 3482 1110 3549 ducenti,

100 3565 287 3621 teBarometer
295 3579 332 3616 on
340 3561 429 3632 ahigh
438 3561 538 3615 Moun-
580 3561 632 3616 end
643 3561 734 3633 things
742 3561 811 3634 light
820 3561 917 3616 ascend
930 3561 966 3633 by
976 3561 1021 3615 tha
1030 3579 1111 3633 eppo·

104 3645 147 3714 (2)
159 3642 220 3697 The
232 3640 331 3697 moond
343 3641 503 3695 illustration
515 3641 538 3694 is
579 3641 626 3696 tite
644 3639 675 3694 oi
689 3639 757 3694 their
774 3657 835 3694 own
850 3650 953 3703 nature,
966 3641 989 3695 is
1003 3639 1110 3712 Peripa-

100 3725 164 3794 city,-
183 3718 237 3775 and
255 3721 294 3791 (3)
311 3719 356 3774 the
373 3720 433 3783 last,
448 3737 482 3773 en
497 3737 537 3773 er·
579 3719 649 3773 tetic.
685 3718 736 3773 See
756 3718 906 3773 Aristotle’s
929 3717 1009 3790 Phys.
1026 3720 1110 3775 Anac.

100 3819 118 3857 u
135 3799 267 3872 principle
278 3798 309 3853 oi
317 3798 437 3868 affinitio
449 3798 479 3851 ot
488 3796 537 3850 ho·
580 3795 629 3849 1v.
642 3814 668 3850 v.
680 3813 722 3868 13·
740 3798 776 3851 Τὸ
786 3797 869 3866 μέσον
880 3800 926 3851 τοῦ
938 3797 1056 3868 οὐρανοῦ,
1069 3799 1111 3852 καὶ

101 3897 170 3936 eous
187 3877 289 3941 bodies,
302 3875 474 3948 introducing
492 3876 537 3930 the
577 3877 607 3928 τὸ
626 3876 739 3947 ἔσχατον
756 3878 786 3929 τὸ
802 3876 868 3946 πρὸς
883 3874 949 3945 ἡμᾶς
964 3876 1011 3945 τῆς
1025 3874 1111 3950 κύκλῳ

100 3977 136 4015 an
148 3956 305 4027 conception
315 3956 346 4009 oi
352 3954 537 4008 ahsolmcden·
578 3954 672 4024 φορᾶς,
685 3953 755 4008 docti
772 3949 835 4008 dm
852 3955 883 4008 τὸ
900 3954 947 4024 μὲν
964 3953 1025 4019 ἄνω,
1037 3956 1067 4009 τὸ
1082 3955 1111 4009 δέ

99 4036 123 4092 d
133 4035 222 4104 boisy.
243 4032 364 4101 (chaino
377 4032 470 4100 ll.46.
483 4033 537 4088 end
578 4032 654 4096 κάτω,
675 4034 791 4101 μα’λισω
810 4034 877 4087 πᾶσι
898 4032 998 4103 κυρίως,
1020 4031 1060 4088 ὅτι
1080 4035 1111 4088 τὸ

99 4115 156 4170 I'he
170 4114 262 4168 notion
279 4112 308 4165 of
324 4112 446 4167 absolute
458 4112 537 4183 levity
576 4109 624 4179 pia
635 4109 684 4163 olel
695 4110 773 4179 μένει,
782 4114 829 4165 τοῦ
840 4111 869 4165 δὲ
881 4109 975 4165 κύκλου
987 4110 1017 4165 τὸ
1029 4111 1110 4183 ἔσχα-

98 4190 214 4266 sproved
231 4191 267 4262 by
282 4190 400 4261 showing
417 4190 475 4245 that
492 4190 538 4245 the
578 4211 624 4244 τον
635 4188 757 4247 ὡσαύτως
768 4191 830 4261 ἔχον
840 4189 919 4259 μένει.
949 4187 1042 4253 Ὥστε,
1055 4189 1111 4243 ἐπεὶ

99 4281 165 4327 aton
193 4269 224 4323 oi
249 4267 325 4323 Stahl
348 4286 402 4322 was
425 4287 441 4323 a
467 4287 538 4322 mere
578 4267 884 4340 rdpr'rxoipomddro
897 4269 1042 4339 φερόμενόν
1052 4267 1111 4321 ἐστι

99 4391 102 4404 .
149 4346 305 4404 Herschcl’s
330 4346 476 4401 Diacourse
502 4363 537 4400 on
578 4345 668 4416 φύσει,
687 4348 717 4401 τὸ
736 4347 765 4401 δὲ
785 4348 854 4417 βαρὺ
871 4348 902 4401 τὸ
921 4347 997 4410 κάτω,
1015 4368 1038 4400 κ.
1048 4367 1073 4401 τ.
1082 4347 1109 4400 λ.

98 4428 152 4483 nit.
173 4423 265 4498 §33d
304 4424 417 4496 Plnyiair
435 4426 463 4479 in
482 4425 538 4478 En·
580 4423 623 4479 Cf.
636 4425 698 4481 intr.
712 4425 750 4481 ll.
763 4440 808 4498 35.

98 4507 150 4564 trit.
165 4506 218 4560 vol.
231 4503 253 4558 1.
267 4522 293 4574 p.
304 4517 364 4575 450.
391 4504 449 4558 'l'he
462 4503 541 4558 belief

623 4663 646 4711 Ε
