2708 5226
558 539 648 606 LIB.
671 541 713 606 ΙΙ.
736 558 790 626 50.
1158 547 1221 611 sal

120 703 356 775 multifariam
382 703 571 787 differunt3
597 713 635 776 et
660 706 824 778 similiter
848 706 1062 802 vegetabilis
1088 717 1126 780 et
1151 710 1227 781 ani-

120 820 232 892 malia
261 821 398 892 diversa
425 820 682 892 schematismis
714 824 812 914 quasi
846 824 994 895 infinitis
1023 826 1226 914 variantur;

121 938 187 1009 sed
213 938 308 1008 intra
338 938 476 1030 copiam
505 939 673 1022 materia,
693 939 767 1009 sivo
792 939 1005 1012 densitatem
1031 963 1225 1033 paucorum

121 1052 310 1147 graduum,
328 1052 564 1123 eontinentur.

175 1169 245 1263 (β.)
267 1168 439 1261 Sequitur
455 1189 646 1240 consensus
662 1171 820 1241 maxime
835 1179 916 1262 post
932 1171 1085 1264 priorem
1103 1173 1226 1244 catho-

123 1285 226 1371 licus,
245 1284 413 1356 videlicet
429 1307 616 1377 corporum
634 1284 881 1380 principalium
899 1295 938 1358 et
954 1288 1120 1359 fomitum
1145 1313 1226 1361 suo·

122 1424 227 1485 rum;
253 1401 422 1473 videlicet
440 1409 712 1485 menstruorum,
730 1413 768 1473 et
784 1401 1044 1474 alimentorum.
1095 1404 1224 1498 Itaque

123 1518 396 1612 exquirendum,
414 1517 481 1588 sub
498 1517 626 1609 quibus
648 1517 860 1601 climatibus,
878 1526 917 1590 et
934 1520 971 1589 in
988 1543 1059 1612 qua
1082 1521 1224 1604 tellure,

123 1645 164 1706 et
179 1634 225 1706 ad
244 1656 349 1727 quarn
360 1633 648 1726 'profunditatem
664 1633 811 1706 metalla
833 1634 972 1728 singula
987 1646 1225 1729 generentur;

124 1758 164 1822 et
190 1748 353 1821 similiter
369 1748 414 1819 de
430 1750 592 1841 gemmis,
610 1749 684 1820 sive
701 1773 747 1822 ex
764 1750 921 1844 rupibus,
938 1752 1014 1822 sive
1039 1753 1134 1824 iuter
1159 1753 1226 1821 mi·

124 1887 229 1936 naras
256 1867 368 1936 natis:
402 1865 440 1935 in
468 1888 539 1958 qua
564 1865 670 1958 gleba
695 1874 809 1951 terrae,
835 1866 977 1937 arbores
1005 1866 1161 1961 singula,
1189 1876 1227 1938 et

125 1982 341 2064 initiasset
365 1981 483 2052 herbae
508 1981 731 2074 potissimum
757 1982 979 2074 proveniant,
997 1990 1035 2052 et
1056 1991 1226 2074 tanquam

124 2097 332 2192 gaudeant:
365 2104 404 2168 et
432 2097 574 2168 insimul
607 2120 685 2189 quaa
714 2097 1025 2191 impinguationes,
1058 2097 1131 2169 sive
1165 2121 1230 2191 per

125 2213 398 2284 stercorationes
428 2213 671 2305 cujuscunque
700 2213 851 2306 generis,
881 2213 956 2284 sive
988 2235 1053 2306 per
1082 2223 1227 2298 cretam,

126 2350 270 2399 arenam
300 2329 416 2410 maris,
442 2329 587 2414 eineres,
615 2327 682 2399 &a
713 2330 871 2400 maxime
895 2329 1046 2421 juvent3
1080 2336 1119 2400 et
1150 2352 1229 2421 quae

125 2444 198 2515 sint
215 2466 262 2514 ex
278 2443 333 2514 his
350 2466 413 2536 pro
430 2445 602 2516 varietate
619 2443 803 2538 glebarum
828 2445 941 2539 magis
964 2453 1054 2538 aptae
1071 2453 1110 2516 et
1127 2447 1229 2516 auxi-

126 2557 240 2628 liares.
293 2557 413 2628 Etiam
430 2559 551 2630 insitio
568 2568 607 2631 et
624 2560 817 2631 inoculatio
842 2559 1007 2631 arborum
1025 2568 1063 2630 et
1089 2558 1228 2653 planta-

125 2696 218 2755 rum,
242 2666 446 2766 earumque'
459 2675 570 2758 ratio;
596 2698 675 2767 qnae
699 2675 834 2748 scilicet
859 2673 989 2768 plautae
1014 2695 1119 2768 super
1140 2695 1228 2766 quas

126 2789 267 2862 felicius
293 2790 504 2874 inserantur,
529 2789 596 2862 &a
625 2792 781 2863 multum
808 2792 944 2884 pendet
970 2791 1015 2863 do
1043 2812 1227 2862 consensu.

127 2906 173 2976 In
204 2928 277 2998 qua
306 2916 407 2998 parte
439 2929 512 2977 non
545 2907 779 2999 injucundum
808 2908 902 2980 foret
931 2907 1228 3000 experimentum,

127 3021 223 3114 quod
241 3021 381 3091 noviter
397 3021 596 3092 andivimus
613 3044 689 3094 esse
710 3032 901 3105 tentatum,
919 3023 966 3094 de
984 3023 1152 3092 insitione
1178 3044 1231 3092 ar-

127 3138 256 3209 borum
272 3136 505 3231 sylvestrium,
525 3140 616 3232 (quaa
632 3136 817 3230 hucusque
832 3141 870 3209 in
888 3137 1070 3208 arboribus
1086 3136 1231 3208 horten-

127 3253 225 3325 sibus
241 3253 317 3324 fieri
334 3255 533 3348 consuevit)
551 3254 647 3324 unda
663 3253 749 3324 folia
766 3262 804 3324 et
821 3252 969 3347 glandes
995 3253 1166 3345 majorem
1191 3255 1230 3324 in

127 3370 275 3440 modum
299 3368 569 3462 amplificantur,
587 3378 626 3439 et
649 3369 790 3440 arbores
807 3369 899 3439 fiunt
914 3368 1027 3463 magis
1044 3368 1230 3440 umbrosae.

128 3484 305 3556 Similiter
319 3484 492 3556 alimenta
511 3484 718 3556 animalium
744 3487 942 3580 respective
966 3484 1123 3555 notanda
1147 3494 1232 3555 sunt

128 3602 167 3671 in
182 3623 314 3695 genere
331 3609 467 3672 etcum
483 3603 667 3696 negativis.
695 3601 826 3693 Neque
844 3601 940 3674 enim
958 3601 1139 3671 carnivora
1155 3622 1230 3672 sus-

128 3717 250 3787 tinent
267 3715 386 3787 herbis
410 3717 557 3800 nutriri3
584 3717 679 3789 unde
698 3717 807 3788 etiam
825 3717 911 3788 ordo
931 3713 1233 3786 Folietanorum³⁰

128 3831 231 3926 (licet
254 3831 418 3903 voluntas
443 3831 598 3903 humana
623 3832 704 3925 plus
728 3832 840 3925 possit
864 3853 972 3925 quam
996 3830 1232 3902 animantium

127 3955 337 4019 eaeteromm
362 3971 467 4041 super
484 3970 612 4041 corpus
636 3950 757 4041 suum)
783 3957 864 4040 post
886 3947 1141 4040 experientiam
1160 3946 1233 4018 fac-

127 4071 214 4148 tam,
233 4063 291 4151 (ut
306 4062 422 4159 aiunt)
441 4074 610 4156 tanquam
628 4063 673 4134 ab
690 4065 848 4135 hnmana
865 4072 995 4134 natura
1015 4084 1086 4135 non
1104 4062 1233 4135 tolera-

127 4179 221 4265 bilis,
238 4179 315 4251 fers
331 4181 487 4251 evanuit.
525 4179 645 4252 Etiam
664 4181 823 4251 materiae
840 4179 987 4252 diversa
1004 4178 1233 4272 putrefactio-

126 4320 226 4381 num,
243 4298 338 4370 unde
354 4298 569 4370 animalcula
584 4304 815 4394 generantur,
832 4298 997 4369 notanda
1014 4306 1108 4370 sunt.

172 4490 199 4531 ³⁰
217 4491 356 4558 folmari,
376 4491 421 4549 tha
440 4493 613 4564 Vegotarians
632 4494 663 4549 ol
702 4493 749 4551 the
760 4491 945 4566 Pythagoram
957 4491 1086 4549 docmina.
1114 4493 1169 4564 (Ol.
1182 4492 1233 4549 Ju-

127 4570 174 4627 tha
186 4570 286 4626 middle
305 4589 377 4644 ages.
412 4572 488 4645 'l'hey
500 4572 600 4629 carried
612 4582 661 4629 out
703 4574 790 4632 venal.
803 4571 860 4629 Sat.
873 4572 908 4628 iii.
923 4572 997 4641 214.)
