2708 5226
204 545 270 613 26⁰
533 548 707 616 NOVUM
730 547 981 615 ORGANUM.

203 737 326 788 sensus
352 738 416 807 per
437 738 582 808 corporo
607 716 749 799 medie;
774 715 831 786 vel
850 714 904 809 (3)
922 716 1008 807 quis
1033 713 1221 808 objectum
1242 736 1301 786 non

204 841 259 903 est
285 830 404 902 habile
430 832 475 903 ed
502 832 771 924 impressionem
796 833 834 902 in
861 854 966 902 sensu
995 831 1225 916 fneiendam3
1256 830 1303 902 rel

206 952 259 1040 (4)
277 949 361 1040 quia
378 948 499 1020 defieit
515 958 688 1041 quantum
708 949 746 1019 iu
763 949 904 1040 objecto
920 970 987 1042 pro
1003 946 1172 1020 feriendo
1190 971 1303 1032 senm;

206 1063 263 1134 vel
282 1066 337 1159 (5)
355 1065 439 1156 quie
463 1073 605 1158 tempus
632 1087 704 1135 non
728 1074 783 1135 est
808 1065 1122 1157 proportionatum
1147 1066 1194 1136 nd
1219 1075 1306 1136 sotu-

205 1181 339 1251 andum
364 1202 530 1265 sensum3
556 1181 614 1252 vel
633 1179 687 1275 (6)
704 1180 790 1273 quis
812 1181 942 1273 objecti
968 1183 1157 1285 percussio
1174 1205 1246 1254 non
1259 1193 1306 1254 to

207 1296 341 1367 leretur
357 1319 380 1367 a
395 1319 521 1379 seusu;
544 1296 599 1367 vel
619 1298 672 1388 (7)
692 1299 776 1389 quie
791 1298 973 1391 objectum
991 1305 1080 1369 ante
1097 1298 1262 1392 implevit
1275 1309 1307 1369 st

207 1414 363 1504 possedit
383 1435 536 1497 sensum,
555 1423 595 1483 ut
613 1434 704 1483 novo
723 1413 835 1482 motui
861 1434 935 1483 non
960 1413 1010 1484 sit
1032 1415 1146 1486 locus
1197 1412 1307 1508 Atque

207 1529 281 1600 hoeo
298 1531 474 1623 proeeipue
490 1530 536 1600 od
556 1529 668 1598 visum
686 1529 877 1620 pertinent,
896 1537 936 1599 st
953 1529 1088 1600 deinde
1105 1530 1153 1601 ad
1170 1539 1306 1602 tantm.

210 1643 308 1714 Nam
326 1645 361 1715 hi
380 1646 452 1717 duo
468 1666 591 1716 sensus
614 1652 699 1714 suut
720 1645 938 1715 informativi
964 1644 1012 1715 ad
1040 1645 1195 1741 largum,
1210 1657 1308 1740 atque

209 1761 256 1830 ds
273 1762 521 1832 communibus
539 1762 702 1855 objectis
719 1762 781 1832 ubi
797 1760 923 1854 reliqui
937 1769 1013 1833 tres
1030 1786 1105 1835 non
1123 1764 1308 1835 informsnt

210 1875 294 1954 fere,
311 1877 377 1946 nisi
396 1878 612 1961 immediate,
632 1878 732 1949 etde
752 1879 902 1971 propriis
918 1878 1086 1970 objectis.

260 1990 383 2080 (1)1n
409 1995 524 2086 primo
550 2017 683 2088 genere
708 2016 780 2064 non
804 1993 846 2064 fit
869 1993 1041 2065 deductio
1068 1997 1115 2067 sd
1142 1995 1308 2077 sensibile,

210 2110 276 2179 uisi
293 2110 357 2192 rei,
375 2132 454 2202 quse
477 2112 573 2182 cerni
600 2133 670 2181 non
697 2112 808 2204 possit
833 2120 978 2203 propter
995 2111 1216 2196 distantiam,
1232 2111 1309 2205 adji-

210 2227 326 2297 ciatur
349 2237 413 2297 out
438 2227 675 2298 substituatur
699 2226 769 2298 alia
794 2249 861 2310 res,
878 2249 960 2318 quae
985 2249 1133 2299 sensnm
1160 2231 1308 2324 megiss

211 2342 403 2437 longinquo
421 2367 610 2437 provocare
632 2356 670 2415 et
692 2343 797 2414 ferire
823 2344 954 2437 possit:
980 2344 1097 2416 veluti
1123 2347 1163 2416 in
1188 2346 1308 2441 signid-

211 2461 352 2531 oatione
369 2483 486 2530 rerum
504 2484 567 2552 per
584 2462 693 2553 ignes,
712 2482 909 2552 campanas,
927 2469 966 2531 et
983 2460 1127 2533 similis.

263 2578 317 2664 (2)
345 2576 388 2644 In
418 2577 574 2646 secundo
606 2599 737 2672 genere
766 2578 807 2646 fit
842 2577 1020 2660 deductio,
1049 2603 1132 2649 eum
1164 2604 1216 2661 eu„
1242 2601 1309 2672 quae

212 2693 361 2761 interius
386 2707 531 2785 propter
557 2693 863 2785 interpositionem
887 2717 1078 2786 corporum
1106 2696 1233 2781 latent,
1254 2718 1308 2766 neo

213 2808 399 2878 commode
424 2810 550 2901 aperiri
577 2817 736 2900 possunt,
762 2831 825 2900 per
848 2831 898 2891 ea,
917 2831 996 2900 quse
1024 2821 1109 2882 sunt
1136 2815 1174 2883 in
1201 2834 1309 2906 super·

213 2926 301 3007 licie,
319 2935 382 2994 aut
405 2925 451 2995 ab
469 2924 694 2995 interioribus
720 2923 879 3008 effluunt,
897 2926 1148 3016 perduountur
1171 2930 1216 3001 nd
1243 2952 1310 3000 sen·

213 3062 312 3110 sum:
340 3052 380 3110 ut
407 3052 521 3112 status
550 3040 787 3111 humanorum
814 3064 1001 3134 corporum
1030 3067 1095 3137 per
1123 3045 1256 3139 pulsus,
1279 3055 1309 3115 et

214 3158 342 3238 urinas,
360 3166 397 3227 et
420 3157 558 3227 similia.

264 3276 312 3360 (3,
332 3275 369 3362 4)
392 3271 445 3341 At
464 3273 558 3341 tertii
578 3280 616 3342 et
633 3273 748 3363 quarti
767 3275 907 3367 generis
924 3273 1164 3349 deductiones
1181 3281 1225 3350 nd
1243 3279 1310 3372 plu-

213 3390 301 3459 rimu
335 3399 509 3481 spectant,
540 3398 648 3479 atque
681 3388 837 3480 undique
867 3390 903 3459 in
938 3414 1058 3462 rerum
1091 3396 1311 3489 inquisitione

214 3516 297 3576 sunt
329 3506 586 3596 conquirendae.
640 3502 758 3595 Hujus
790 3506 839 3577 rei
869 3507 1036 3598 exempla
1066 3523 1163 3583 sunt.
1218 3511 1312 3583 Pstet

214 3622 309 3712 quod
336 3624 405 3705 aer,
424 3632 462 3692 et
488 3622 640 3714 spiritus,
660 3631 698 3689 et
723 3620 925 3713 hujusmodi
950 3646 1017 3706 res,
1039 3649 1120 3718 quae
1144 3640 1230 3700 sunt
1247 3639 1313 3699 toto

215 3761 360 3831 corpore
386 3749 511 3809 tenues
536 3750 573 3809 et
595 3737 754 3822 subtiles,
772 3761 838 3808 nec
858 3741 952 3809 cerni
974 3763 1040 3813 neo
1059 3747 1160 3840 tangi
1178 3748 1313 3840 possint.

217 3950 320 4003 verable
332 3949 395 4003 with
414 3950 592 4021 a'l'eleseope‚
606 3948 695 4004 would
714 3950 747 4003 bs
787 3951 844 4005 lore
856 3970 889 4006 us
902 3951 937 4023 by
950 3952 995 4006 the
1009 3953 1189 4028 Mimoscope.
1228 3960 1267 4014 Of
1278 3958 1316 4012 the

215 4041 261 4100 apt
273 4030 445 4082 illustratione
458 4030 488 4082 ol
497 4029 550 4083 this
569 4028 746 4083 subdivision.
788 4029 857 4093 fifth,
867 4029 912 4083 the
924 4043 1123 4089 measurement
1134 4037 1166 4090 ol
1175 4055 1240 4110 very
1251 4034 1315 4109 τιμίά

215 4109 274 4163 The
296 4106 393 4162 second
418 4107 531 4162 division
553 4126 614 4178 may
636 4106 669 4161 bs
690 4107 749 4159 well
788 4109 913 4162 intervrls
931 4109 1084 4179 byelectric
1102 4114 1173 4186 light
1185 4116 1273 4171 would
1289 4114 1317 4168 be

216 4185 411 4257 illustmtedby
424 4185 470 4239 the
483 4186 663 4256 Stethescope.
690 4185 749 4239 'llre
790 4187 965 4241 minstauce.
998 4188 1094 4245 Orthe
1107 4193 1189 4258 einh,
1201 4190 1317 4250 coloured

217 4266 289 4323 third
310 4266 345 4335 by
359 4264 405 4318 the
425 4265 552 4319 chemical
572 4264 703 4318 detection
722 4263 753 4317 ol
790 4266 891 4334 glnsses
903 4274 933 4320 to
945 4265 1028 4321 shade
1042 4269 1085 4323 off
1092 4270 1140 4325 the
1154 4271 1238 4328 Sun's
1249 4272 1316 4344 light

219 4348 312 4408 Gases‚
334 4361 365 4397 or
386 4344 421 4410 (e.
435 4346 474 4411 g.)
497 4343 542 4397 the
563 4343 701 4415 discovery
723 4343 754 4397 of
792 4343 833 4397 Ol
848 4343 893 4398 the
911 4345 1031 4409 seventh,
1045 4347 1080 4403 he
1096 4349 1217 4406 sdduoes
1235 4362 1318 4419 strong

218 4425 349 4480 Aetinism
362 4422 391 4476 in
402 4439 462 4491 rays
481 4421 511 4475 ol
527 4422 571 4476 ths
584 4421 643 4475 Sun
655 4421 691 4492 by
704 4439 749 4475 ex·
792 4423 881 4478 smells
903 4441 932 4477 ns
952 4423 994 4479 his
1013 4430 1149 4498 example,
1167 4430 1218 4486 bnt
1236 4430 1318 4486 thinks

219 4521 316 4576 posure
332 4501 362 4554 os
377 4518 393 4553 a
409 4500 521 4570 pluteos
536 4499 749 4554 silvertothem.
790 4499 837 4554 the
855 4501 923 4556 cluss
943 4519 995 4556 one
1014 4504 1047 4559 os
1063 4522 1100 4560 no
1121 4518 1198 4579 gre-t
1217 4509 1318 4580 import-

218 4583 276 4639 'l'hs
293 4579 384 4635 lourth
402 4578 491 4633 would
512 4578 545 4633 be
564 4578 683 4649 brought
703 4578 749 4634 be·
791 4597 864 4636 nuce.
