2708 5226
582 567 670 634 orn.
692 567 720 632 1.
738 568 788 652 85·
1196 572 1240 640 ro

119 732 275 804 ditionis
302 730 539 816 miserebitur,
564 733 659 824 quod
686 755 751 825 per
776 739 831 802 tot
859 730 978 803 secula
1003 740 1104 802 tanta
1130 731 1238 803 fuerit

121 872 245 923 rerum
264 859 308 920 et
326 850 552 920 inventorum
569 850 718 943 penuria
734 857 773 921 et
789 847 965 920 sterilitas.
1017 845 1141 941 Atque
1159 850 1237 920 haec

123 966 197 1060 ipsa
214 974 360 1048 tamen,
378 987 527 1058 quorum
550 990 646 1038 nunc
666 966 888 1036 mentionem
905 965 1063 1047 fecimus,
1080 967 1237 1051 inventa,

125 1082 359 1177 philosophia
383 1091 421 1154 et
447 1083 581 1155 artibus
611 1081 817 1154 intellectus
845 1083 1044 1174 antiquiora
1071 1082 1236 1155 fuerunt:

124 1200 216 1272 adeo
233 1208 281 1271 ut
300 1200 345 1293 (si
366 1220 487 1270 varum
510 1201 701 1272 dicendum
725 1200 785 1292 sit)
804 1221 886 1270 oum
903 1197 1105 1290 hujusmodi
1123 1201 1234 1273 scien·

126 1317 185 1387 tiae
200 1312 401 1388 rationales
416 1325 455 1387 et
471 1317 681 1412 dogmaticae
693 1315 903 1408 inceperint,
916 1315 1077 1386 inventio
1088 1337 1236 1407 operum

126 1432 277 1504 utilium
297 1432 453 1504 desierit.
625 1515 629 1524 Ι

176 1549 290 1635 Quod
308 1550 339 1620 sl
355 1549 435 1641 quis
451 1549 497 1620 ab
512 1549 662 1621 officinis
680 1549 727 1620 ad
748 1548 982 1620 bibliothecas
999 1570 1037 1619 se
1053 1558 1237 1621 converte-

128 1666 184 1750 rit,
208 1674 251 1736 et
275 1664 500 1747 immensam,
517 1686 625 1757 quarn
647 1665 817 1748 videmus,
835 1663 1005 1735 libromrn
1027 1664 1236 1736 varietatem

129 1781 166 1850 in
192 1779 432 1852 admiratione
459 1780 631 1864 babuerit,
658 1781 698 1862 is,
727 1780 939 1852 examinatis
966 1788 1003 1851 et
1030 1780 1237 1876 diligentins

128 1895 360 1989 introspectis
392 1897 549 1989 ipsomm
584 1894 751 1967 librorum
786 1898 943 1967 materiis
977 1907 1015 1968 et
1048 1898 1236 1983 contentis,

130 2011 363 2104 obstupescet
384 2021 482 2084 certo
504 2013 543 2082 iu
566 2013 807 2096 contrarium;
834 2021 873 2082 et
893 2021 1077 2105 postquam
1096 2013 1235 2084 nullum

131 2127 206 2199 dari
228 2127 339 2198 linem
360 2126 634 2220 repetitionibus
657 2127 905 2211 observaverit,
923 2150 1102 2220 quamque
1123 2129 1237 2200 homi·

130 2264 193 2314 nes
209 2241 340 2314 eadem
357 2251 465 2337 agant
481 2250 519 2314 et
536 2241 736 2335 loquantur,
749 2243 796 2313 ab
809 2243 1043 2314 admiratione
1056 2245 1237 2316 varietatis

131 2358 297 2431 transibit
318 2360 364 2429 ad
387 2358 597 2430 miraculum
622 2360 829 2453 indigentie
849 2369 888 2430 et
906 2361 1097 2452 paucitatis
1113 2383 1235 2432 earum

131 2496 357 2566 rerumquae
374 2473 558 2546 bominum
575 2485 715 2547 mentes
731 2475 848 2546 adbuc
865 2483 1059 2546 tenuerunt
1077 2486 1116 2547 et
1134 2500 1237 2548 occu·

132 2597 274 2684 pamnt.

182 2706 291 2792 Quod
318 2706 346 2778 si
372 2707 451 2799 quis
475 2709 520 2778 ad
547 2708 760 2780 intuendum
786 2731 838 2792 ea,
859 2731 938 2800 quae
963 2711 1076 2803 magis
1101 2709 1238 2780 curiosa

134 2823 313 2897 habentur
333 2844 440 2916 quam
466 2845 560 2906 sana,
582 2823 740 2893 animum
767 2822 979 2908 submiserit,
1004 2833 1042 2894 et
1068 2823 1236 2896 alcbemi-

134 2949 270 3012 starum
291 2949 355 3009 aut
377 2935 602 3033 magorum85
625 2960 732 3031 opera
757 2935 951 3030 penitius86
975 2940 1236 3033 introspexerit,

133 3055 163 3127 is
187 3053 371 3125 dubitabit
395 3054 552 3136 forsitan,
577 3062 699 3124 utrum
726 3054 806 3137 risu,
832 3077 878 3124 an
904 3055 1093 3149 lachrymis
1119 3057 1238 3149 potius

133 3171 194 3244 illa
217 3172 330 3266 digna
354 3172 435 3242 sint.
486 3168 710 3242 Alchemista
732 3173 828 3242 enim
851 3194 951 3264 spem
971 3171 1036 3242 alit
1053 3183 1236 3256 eet-ernam,

134 3298 243 3383 atque
269 3287 332 3358 ubi
357 3310 413 3359 res
437 3310 509 3358 non
533 3288 700 3370 succedit,
720 3310 855 3359 errores
875 3289 1032 3380 proprios
1055 3311 1132 3359 reos
1156 3289 1238 3359 sub-

133 3407 274 3488 stituit3
305 3426 425 3476 secum
451 3404 668 3475 accusatorie
693 3404 903 3497 reputando,
921 3425 960 3474 sc
983 3413 1046 3473 aut
1068 3406 1153 3474 artis
1174 3419 1238 3475 aut

134 3531 322 3595 auctorum
353 3518 524 3591 vocabula
557 3542 629 3589 non
663 3519 746 3589 satis
780 3517 1021 3604 intellexisse3
1066 3519 1161 3590 unde
1191 3520 1236 3590 ad

133 3638 345 3710 traditiones
375 3647 413 3708 et
442 3636 655 3709 auriculares
685 3656 844 3705 susurros
874 3636 1033 3704 animum
1063 3634 1237 3729 applicat3

133 3765 197 3827 aut
215 3756 253 3825 in
272 3756 435 3847 practicae
455 3777 526 3826 suae
548 3752 721 3846 scrupulis
738 3762 776 3823 et
793 3753 984 3823 momentis
1000 3751 1134 3845 aliquid
1152 3754 1238 3824 titu-

134 3873 260 3945 batum
287 3892 385 3955 esse3
420 3872 516 3944 unde
541 3870 788 3964 experimenta
815 3870 851 3940 in
879 3870 1060 3940 inlinitum
1087 3873 1236 3963 repetit:

168 4118 196 4160 θ’
214 4118 259 4174 cf.
277 4117 399 4173 Adaei
414 4117 555 4190 learning,
575 4137 602 4190 p.
615 4137 666 4186 44;
743 4117 769 4158 ⁸⁶
787 4124 805 4149 ‘⁴
819 4117 960 4174 Penitiua'’
973 4119 996 4174 is
1009 4137 1026 4174 a
1038 4120 1107 4174 icrm
1123 4121 1238 4193 scarcely

134 4217 210 4272 supr.
243 4197 267 4253 1.
294 4211 329 4266 5:
370 4196 425 4253 and
461 4197 503 4253 lor
540 4216 557 4253 a
593 4215 668 4253 mors
706 4197 816 4254 allowed
823 4220 832 4263 ς
851 4196 904 4253 aad
916 4197 994 4254 when
1009 4199 1030 4253 it
1045 4197 1110 4254 does
1125 4201 1238 4255 occurit

134 4276 251 4348 friendly
264 4275 332 4331 view
347 4293 391 4331 see
406 4274 467 4331 inir.
481 4275 519 4331 ll.
532 4294 576 4349 31·
614 4276 667 4331 Ba·
706 4277 730 4332 ia
746 4277 774 4331 in
788 4294 852 4348 very
863 4277 915 4331 late
927 4278 1038 4341 writers
1050 4276 1104 4331 and
1116 4278 1180 4332 with
1192 4278 1238 4333 the

135 4374 186 4413 eon
210 4373 266 4411 was
289 4354 406 4409 inclined
431 4356 489 4410 “in
514 4373 530 4409 a
554 4355 666 4427 purified
707 4356 798 4426 option
818 4355 850 4409 ol
866 4355 943 4410 other
961 4354 1092 4426 readings.
1130 4357 1191 4411 still
1208 4375 1238 4412 aa

135 4436 235 4491 seuse'’
247 4445 277 4490 to
292 4434 355 4488 ako
371 4435 457 4504 napta
474 4452 504 4490 aa
522 4433 666 4490 bandmaid
708 4433 798 4489 Bacon
812 4433 950 4490 doubtless
961 4443 1043 4491 wrote
1054 4435 1172 4504 patrias
1184 4433 1238 4488 and

136 4522 164 4569 to
175 4513 222 4570 the
234 4512 374 4585 discovery
385 4513 416 4568 ol
425 4513 527 4570 Forma.
550 4513 592 4569 Gi
604 4512 666 4568 inir.
708 4521 756 4568 not
762 4513 870 4584 petitur
882 4513 912 4568 in
923 4512 976 4568 this
988 4513 1072 4583 place,
1086 4511 1099 4567 l
1111 4512 1178 4567 have
1190 4521 1238 4567 not

137 4591 174 4648 11.
187 4612 213 4666 9.
707 4590 1011 4649 hesitatedtoretainit.
