2708 5226
211 569 277 634 278
537 561 712 629 NOVUM
734 559 990 628 ORGANUM.

211 754 328 813 ouum,
345 736 462 801 tactus
487 736 526 800 et
549 737 686 825 gustus,
711 752 784 802 non
809 729 945 800 feriunt
969 726 1045 799 nisi
1070 727 1242 822 contigua
1263 748 1308 799 or·

211 869 325 943 gaurs.

261 963 355 1036 Sunt
380 972 419 1035 et
443 963 520 1034 aliae
541 963 693 1034 virtutee
716 983 795 1055 que
819 970 1018 1056 operantur
1034 958 1082 1031 ad
1101 960 1306 1043 distantiam,

210 1103 334 1153 rerum
364 1077 467 1152 valde
496 1080 672 1174 exiguam,
700 1101 849 1172 quarum
878 1101 1003 1170 pauooe
1033 1077 1156 1149 adhuc
1185 1085 1307 1149 notato

211 1206 304 1281 eunt,
321 1220 404 1269 oum
424 1206 546 1267 tamen
570 1194 690 1289 plures
714 1194 787 1265 sint
809 1215 915 1287 quam
941 1193 1113 1266 homines
1137 1197 1306 1289 suspicen-

212 1322 290 1387 tur:
316 1322 359 1385 ut
376 1313 562 1406 (capiendo
578 1309 744 1405 exempla
759 1333 806 1383 ex
820 1309 991 1405 vulgatis)
1016 1333 1104 1383 oum
1129 1313 1303 1384 succinum

212 1439 276 1502 aut
292 1438 438 1525 gagates
454 1430 600 1501 trahunt
616 1427 754 1522 paleas;
770 1427 876 1499 bullae
892 1431 1157 1522 approximate
1172 1430 1307 1503 solvunt

213 1545 347 1631 bnllae;
376 1546 560 1618 medicine
576 1543 754 1617 nonnulle
770 1544 964 1638 purgatirae
980 1544 1135 1619 eliciunt
1153 1545 1306 1618 humores

213 1681 260 1730 ex
282 1657 365 1742 alto,
389 1670 428 1731 et
451 1659 663 1753 hujusmodi.
714 1658 768 1731 At
789 1661 900 1731 virtue
923 1659 988 1732 illa
1013 1663 1229 1756 magnetica,
1250 1683 1305 1755 per

213 1796 321 1865 qnam
338 1776 470 1847 ferrum
488 1784 526 1847 et
542 1799 697 1873 magnes,
710 1776 768 1849 vel
784 1786 981 1873 magnetes,
999 1779 1160 1849 invicem
1178 1780 1306 1858 coeunt,

214 1901 381 1983 operatur
397 1893 491 1963 intra
507 1893 629 1964 orbem
646 1894 788 1965 virtutis
804 1901 953 1977 certum,
971 1895 1036 1967 sed
1053 1917 1232 1988 parvum3
1256 1894 1308 1965 ubi

216 2017 347 2092 contra,
364 2008 393 2079 ai
419 2009 466 2080 sit
490 2009 608 2103 aliqua
623 2010 736 2080 virtus
761 2012 962 2104 magnetica
983 2033 1159 2085 emanans
1181 2014 1228 2086 ab
1242 2015 1308 2107 ipa

215 2134 310 2197 terra
332 2125 453 2218 (paulo
480 2128 648 2198 nimirum
674 2125 859 2221 interiore)
886 2149 995 2222 anper
1019 2153 1128 2201 acum
1156 2131 1307 2213 ferream,

215 2250 389 2335 quatenus
415 2246 461 2315 ad
490 2244 736 2328 vertioitatem,
759 2245 917 2337 operatio
944 2245 1009 2318 fiat
1036 2246 1084 2318 ad
1112 2247 1308 2320 distantiam

217 2380 394 2453 magnam.

267 2474 411 2558 Rursus,
429 2475 457 2545 si
476 2475 523 2545 sit
539 2473 657 2568 aliqua
674 2477 726 2547 rie
744 2477 954 2570 magnetica,
971 2501 1051 2572 que
1069 2489 1239 2574 operetur
1253 2503 1308 2574 per

216 2616 427 2664 consensum
444 2595 538 2663 inter
553 2593 700 2687 globum
723 2602 826 2665 terrae
851 2604 888 2664 et
912 2597 1125 2687 ponderosa,
1143 2608 1208 2668 aut
1224 2599 1307 2668 inter

216 2708 363 2803 globum
389 2708 481 2779 lunae
506 2719 544 2780 et
569 2731 676 2802 aquas
702 2709 818 2795 maris,
836 2713 927 2802 (quae
953 2712 1113 2783 maxime
1140 2714 1308 2786 credibilis

218 2827 358 2896 videtur
376 2827 411 2894 in
430 2824 586 2896 fluxibus
611 2835 649 2896 et
674 2825 866 2897 refluxibne
891 2827 1240 2926 semi-menstruisffi)
1256 2839 1311 2902 aut

218 2941 312 3011 inter
328 2941 458 3012 coelum
476 2942 657 3013 stellatum
676 2952 714 3014 et
731 2943 900 3036 planetas,
917 2966 1110 3037 perquam
1127 2959 1312 3020 evocentur

218 3068 257 3130 et
274 3059 482 3129 attollantur
498 3060 543 3130 ad
561 3083 625 3131 ena
640 3083 804 3155 epogaea;
830 3062 904 3131 haec
923 3064 1044 3133 omnia
1065 3075 1260 3158 operantur
1274 3065 1312 3136 ad

219 3178 403 3248 distantiae
425 3178 618 3247 admodum
642 3176 861 3272 longinquas.
914 3176 1159 3253 Inveniuntur
1177 3194 1216 3255 et
1232 3206 1314 3276 qua

219 3296 300 3366 dam
331 3294 627 3365 inflammationes
661 3296 735 3366 eive
768 3295 1018 3388 conceptiones
1052 3297 1217 3386 flammae,
1246 3322 1314 3393 qnae

219 3412 310 3483 finnt
326 3412 371 3482 ad
390 3411 574 3481 distantiae
591 3412 683 3483 bene
700 3434 855 3507 magnae,
873 3413 911 3483 in
935 3412 1118 3506 aliquibus
1145 3420 1314 3498 materiis;

219 3539 261 3599 ut
288 3530 447 3599 referunt
474 3529 518 3598 de
546 3528 704 3620 naphtha
730 3527 988 3623 Babylonica57.
1041 3530 1192 3606 Colores
1217 3537 1316 3608 etiam

221 3646 401 3716 insinuant
417 3669 455 3716 se
473 3668 536 3739 per
553 3644 736 3716 distantiae
761 3645 915 3738 amplas3
941 3646 1037 3738 quod
1056 3650 1170 3721 etiam
1192 3651 1317 3723 faciunt

221 3763 370 3854 frigora:
388 3762 476 3833 adeo
494 3771 535 3831 ut
551 3761 793 3834 habitantibus
811 3765 904 3834 circa
920 3761 1104 3835 Canadam
1123 3767 1238 3839 moles
1254 3769 1317 3838 sive

222 3900 344 3948 massae
368 3876 545 3969 glacialee,
564 3902 641 3970 qnae
666 3879 926 3972 abrumpuntur
942 3889 981 3949 et
997 3888 1127 3952 natant
1145 3906 1212 3976 per
1227 3906 1320 3956 ocea-

222 4016 310 4063 num
346 3995 670 4086 septentrionalem,
700 4003 738 4066 et
767 3995 977 4066 deferuntur
1004 4018 1070 4088 per
1099 3997 1318 4072 Atlanticum

221 4132 342 4181 versus
359 4111 437 4181 illas
454 4134 540 4196 oras,
555 4114 795 4206 percipiantur
812 4121 850 4183 et
867 4113 1044 4183 incutiant
1062 4115 1198 4212 frigora
1214 4141 1235 4189 e
1252 4119 1318 4191 lon-

252 4335 279 4376 ⁶⁶
291 4335 333 4392 Cl.
346 4354 420 4408 supr,
432 4338 523 4410 11.36.
536 4357 612 4394 ex.1.
626 4340 700 4408 (note
713 4339 751 4411 7.)
792 4338 865 4394 hood
877 4339 908 4393 ol
918 4339 1050 4411 Babylon.
1090 4343 1116 4398 lt
1132 4344 1156 4401 ia
1172 4347 1229 4401 aleo
1244 4341 1318 4402 called

253 4415 278 4457 ⁵7
291 4416 447 4488 Naphthaiu
456 4417 538 4473 called
547 4418 752 4491 “Babylonica”
794 4417 924 4473 “Oleum
951 4417 1122 4476 Medicum.”
1174 4423 1318 4480 floodous

224 4496 337 4550 bennae
355 4506 440 4551 avant
452 4497 573 4569 quantity
585 4497 616 4551 of
627 4497 752 4552 Bitumen
793 4497 893 4553 notioeo
917 4497 947 4562 it,
967 4497 1022 4555 und
1043 4501 1110 4557 callo
1134 4502 1157 4557 it
1180 4503 1317 4576 ἄσφαλτος.

224 4592 278 4630 wan
295 4574 419 4629 obtained
439 4575 508 4631 lrom
525 4575 572 4632 the
591 4576 752 4648 neighbour-
794 4577 817 4632 1.
834 4589 891 4648 179.
