2708 5226
466 555 554 622 ma.
578 557 620 620 11.
635 576 688 637 42.
1065 547 1130 620 aas

26 720 136 791 detur
159 742 236 793 esse
256 724 421 816 cognatio
444 725 604 817 quaedam
631 725 725 795 inter
749 745 895 817 corpora
921 728 960 792 et
985 720 1129 792 fomites

26 835 102 907 sive
119 835 290 907 alimenta
307 861 380 910 sua.
436 839 564 912 Fomes
587 848 709 911 autem
728 838 877 909 flammas
894 836 1036 906 videtur
1051 857 1129 906 esee

26 947 150 1022 oleum
167 960 207 1023 et
225 952 392 1047 pinguia:
418 955 514 1036 a‘e'ria
531 978 624 1047 aqua
645 964 683 1026 et
700 977 834 1046 aquea:
861 953 1012 1024 flammae
1032 953 1127 1024 enim

25 1066 271 1161 multiplicant
298 1091 336 1140 sa
366 1092 471 1163 super
499 1070 630 1143 halitus
659 1070 741 1155 olei,
766 1072 826 1142 aiir
852 1091 957 1162 super
983 1090 1130 1160 vapores

24 1206 140 1277 aquae.
194 1184 401 1258 Videndum
419 1190 539 1281 itaque
556 1189 602 1259 de
617 1190 766 1259 mistura
781 1210 881 1279 aquae
897 1195 937 1257 et
953 1184 1033 1270 olei,
1051 1208 1129 1277 quaa

27 1321 66 1369 se
86 1300 295 1373 manifestat
313 1303 356 1374 ad
376 1326 541 1388 sensum3
566 1305 852 1397 quandoquidem
869 1303 1019 1373 mistura
1040 1302 1130 1372 aeris

26 1423 66 1485 et
83 1414 240 1488 flammei
262 1420 401 1512 generis
424 1419 540 1514 fugiat
561 1442 713 1492 sensum.
764 1417 817 1489 At
840 1419 958 1491 oleum
977 1424 1016 1489 et
1037 1439 1130 1509 aqua

26 1530 124 1601 inter
140 1553 178 1602 se
195 1555 259 1626 per
279 1535 570 1627 compositionem
588 1546 651 1608 aut
673 1536 904 1630 agitationem
920 1533 1130 1628 imperfecte

27 1647 222 1719 admodum
248 1651 451 1736 miscentur,
469 1653 594 1724 eadem
618 1655 655 1724 in
678 1652 806 1736 herbis,
828 1661 868 1724 et
888 1652 1070 1746 sanguine,
1091 1659 1130 1722 et

28 1764 190 1856 partibus
222 1766 439 1851 animalium,
469 1780 634 1842 accurate
667 1778 705 1840 et
739 1769 892 1840 delicate
923 1769 1129 1839 miscentur.

28 1879 158 1974 Itaque
176 1882 291 1953 simile
311 1884 480 1976 quiddam
496 1885 572 1957 fieri
589 1886 700 1980 possit
720 1887 813 1956 circa
828 1886 1013 1956 misturam
1031 1882 1131 1954 flam·
1155 1962 1163 1969 ,

28 1999 101 2069 mei
126 2006 165 2070 et
181 1999 273 2070 a'e'rei
295 2004 436 2094 generis
460 2004 496 2073 in
514 2002 748 2097 spiritalibus:
773 2025 854 2094 quae
870 2024 935 2094 per
956 1999 1132 2072 confusio-

26 2135 113 2184 nem
136 2114 333 2208 simplicem
356 2140 427 2187 uon
450 2118 542 2188 bene
568 2119 744 2189 sustinent
768 2118 976 2188 misturam:
1003 2116 1129 2187 eadem

26 2236 150 2300 tamen
184 2230 220 2300 in
247 2233 426 2325 spiritibus
455 2234 657 2327 plantamm
686 2243 724 2303 et
753 2230 960 2303 animalium
990 2231 1129 2301 misceri

27 2345 216 2418 videntur:
243 2353 435 2441 prasertim
459 2373 542 2421 cum
565 2350 680 2422 omnis
702 2350 846 2442 spiritus
868 2347 1045 2419 animatus
1067 2347 1129 2418 de·

26 2471 150 2555 pascat
173 2464 319 2537 humida
338 2475 498 2560 utraque,
516 2490 630 2560 aquea
653 2475 691 2538 et
713 2466 869 2560 pinguia,
885 2473 1055 2556 tauquam
1078 2462 1131 2532 fo-

25 2573 134 2652 mites
157 2603 248 2653 suos.

78 2694 261 2781 Similiter,
288 2699 316 2768 si
342 2722 415 2770 non
441 2701 487 2772 de
512 2700 783 2794 perfectioribus
807 2697 965 2770 misturis
992 2696 1130 2791 spirita·

27 2809 128 2893 lium,
145 2812 208 2882 sed
232 2814 278 2884 de
301 2817 556 2909 compositione
579 2826 720 2888 tantum
745 2816 961 2909 inquiratur;
986 2834 1128 2905 nempe,

27 2935 151 2999 utrum
168 2929 272 3002 facile
289 2931 384 3002 inter
400 2954 438 3003 se
454 2932 745 3027 incorporentur:
765 2956 810 3004 an
827 2931 946 3024 potius
959 2927 1131 3021 (exempli

26 3044 158 3138 gratia)
179 3047 253 3116 sint
276 3046 384 3139 aliqui
411 3049 510 3120 venti
536 3058 574 3120 et
599 3048 855 3131 exhalationes,
871 3056 935 3117 aut
959 3047 1029 3117 alia
1054 3067 1130 3116 cor·

27 3182 113 3252 pora
133 3162 313 3254 spiritalia,
332 3187 409 3256 quae
432 3186 504 3235 non
522 3167 718 3236 miscentur
734 3188 817 3235 cum
834 3164 914 3234 aare
936 3162 1129 3245 communi,

26 3277 89 3348 sed
123 3287 266 3349 tantum
295 3279 431 3352 boerent
460 3289 498 3352 et
532 3288 658 3350 natant
690 3280 727 3349 iu
757 3302 811 3360 eo,
842 3280 878 3348 in
907 3275 1060 3371 globulis
1093 3287 1132 3347 et

25 3393 152 3488 guttis,
171 3405 208 3464 et
224 3397 343 3488 potius
366 3396 580 3489 franguntur
597 3417 639 3465 ac
661 3394 954 3466 comminuuntur
970 3390 1016 3461 ab
1038 3392 1130 3476 abre,

27 3530 135 3602 quam
161 3510 199 3580 in
227 3511 341 3603 ipsum
369 3511 591 3604 recipiuntur
618 3520 658 3582 et
682 3512 969 3603 incorporantur:
1000 3507 1129 3578 hocin

25 3627 108 3698 a‘e're
132 3629 313 3698 communi
331 3636 369 3698 et
384 3627 464 3699 aliis
486 3625 712 3721 spiritalibus,
730 3625 777 3698 ob
799 3622 1035 3696 subtilitatem
1052 3646 1131 3694 cor·

26 3765 165 3836 porum,
183 3745 315 3837 percipi
340 3744 547 3815 adsensum
573 3766 643 3814 non
660 3751 802 3836 potest3
827 3750 986 3811 attamen
1010 3739 1128 3834 imago

26 3860 189 3952 quaedam
215 3861 320 3953 hujus
346 3861 406 3943 rei,
430 3870 605 3951 quatenus
630 3859 703 3942 liat,
726 3858 861 3950 concipi
888 3857 998 3949 possit
1023 3856 1061 3926 in
1087 3855 1131 3927 li·

26 3976 198 4069 quoribus
219 3978 359 4072 argenti
376 3976 458 4058 vivi,
475 3975 556 4059 olei,
573 3999 692 4069 aquae3
718 3983 827 4066 atque
851 3973 961 4046 etiam
977 3972 1015 4043 in
1035 3973 1128 4059 aere,

25 4102 64 4164 et
86 4092 263 4164 fractione
289 4094 375 4185 ejus,
393 4091 534 4183 quando
561 4092 749 4184 dissipatur
759 4100 807 4193 „et
832 4089 993 4161 ascendit
1013 4091 1130 4183 parvis

24 4207 263 4302 portiunculis
285 4231 350 4301 per
373 4229 521 4300 aquam;
546 4215 655 4298 atque
681 4207 790 4277 etiam
813 4206 851 4276 in
877 4205 985 4275 fumis
1009 4206 1131 4276 crassi-

25 4324 160 4431 oribus,
173 4325 330 4416 denique
347 4324 384 4392 in
401 4321 549 4416 pulvere
566 4324 723 4394 excitato
741 4331 779 4393 et
796 4321 957 4393 haerente
973 4321 1011 4390 in
1028 4323 1130 4404 abre:

25 4441 212 4535 inquibus
229 4439 393 4510 omnibus
414 4461 489 4507 uon
507 4438 549 4510 fit
565 4439 810 4532 incorporatio.
861 4437 987 4531 Atque
1003 4461 1129 4532 reprae-

26 4560 183 4632 sentatio
201 4556 372 4651 praedicta
388 4554 425 4625 in
442 4555 510 4626 boc
528 4554 687 4646 subjecto
709 4577 780 4626 non
798 4551 890 4626 mala
907 4563 971 4636 est,
988 4553 1017 4624 si
1039 4552 1126 4625 illud

634 4691 657 4740 r
