2708 5226
540 538 627 604 LIB.
646 541 675 607 1.
690 563 744 628 43,
759 563 811 624 44.
1185 546 1228 609 28

121 702 301 775 Homines
331 703 428 772 enim
459 725 521 794 per
546 726 726 777 sermones
753 709 951 789 sociantur;
985 716 1023 777 at
1049 708 1155 778 verba
1181 732 1227 779 ex

120 829 226 914 captu
247 819 348 912 vulgi
368 819 605 911 imponuntur.
657 821 784 913 ltaque
802 822 895 892 male
912 831 950 893 et
968 824 1088 915 inepta
1106 823 1228 892 verbo-

120 958 198 1005 rum
217 935 405 1026 impositio
423 936 517 1005 miris
534 936 648 1006 modis
666 934 889 1007 intellectum
909 937 1057 1008 obsidet.
1098 936 1229 1030 Neque

120 1051 352 1122 definitiones
377 1062 439 1119 aut
463 1051 727 1142 explicationes,
745 1052 872 1142 quibus
897 1053 1059 1123 homines
1077 1053 1172 1123 docti
1191 1077 1229 1123 sc

119 1167 263 1237 munire
295 1175 335 1236 et
365 1166 540 1236 vindicare
574 1166 609 1235 in
643 1166 822 1237 nonnullis
853 1179 1123 1249 consueverunt,
1155 1192 1228 1237 rem

120 1283 196 1352 ullo
225 1283 336 1352 modo
365 1283 567 1353 restituunt.
619 1283 691 1354 Sed
722 1284 828 1354 verba
859 1283 963 1376 plane
992 1285 1063 1353 vim
1094 1284 1230 1355 faciunt

120 1398 337 1477 intellectui,
356 1410 393 1468 et
417 1399 535 1469 omnia
559 1400 724 1482 turbant3
751 1411 789 1471 et
811 1400 972 1469 homines
989 1400 1033 1469 ad
1053 1401 1174 1471 inanes
1192 1411 1229 1470 et

121 1517 329 1586 innumeras
347 1515 598 1586 controversias
616 1524 654 1586 et
671 1525 872 1586 commenta
892 1514 1084 1585 deducunt.

606 1696 748 1769 XLIV.

170 1816 267 1886 Sunt
292 1815 448 1905 denique
471 1809 574 1894 idolo,
593 1837 668 1905 quae
685 1816 932 1906 immigrarunt
953 1816 990 1885 in
1011 1816 1149 1888 animos
1167 1815 1229 1886 ho-

123 1934 261 2002 minum
277 1954 324 2002 ex
339 1930 483 2000 diversis
496 1930 721 2022 dogmatibus
740 1932 1051 2024 philosophiamm,
1065 1956 1107 2002 ac
1119 1934 1228 2004 etiam

124 2070 168 2117 ex
184 2047 362 2140 perversis
382 2045 519 2138 legibus
543 2045 906 2132 demonstrationum
932 2071 1009 2139 quae
1027 2046 1120 2118 idolo
1138 2046 1230 2118 theo-

125 2165 171 2234 lri
192 2159 480 2244 nominamus⁴⁵;
509 2163 592 2255 quia
615 2176 703 2254 quot
730 2162 961 2255 pbilosophiae
987 2176 1141 2255 receptae
1166 2175 1229 2234 aut

125 2281 283 2349 inventae
307 2288 401 2359 sunt,
419 2287 474 2347 tot
499 2277 636 2347 fabulas
657 2279 847 2369 productas
864 2292 902 2347 et
918 2287 1014 2348 actas
1032 2302 1229 2364 censemus,

125 2417 204 2485 quae
233 2391 388 2461 mundos
415 2389 609 2461 effecerunt
635 2389 780 2459 fictitios
809 2398 847 2460 et
877 2392 1044 2460 scenicos.
1103 2391 1230 2483 Neque

125 2509 169 2578 de
200 2507 255 2578 bis
277 2530 356 2599 quse
374 2507 449 2597 jam
474 2506 660 2586 habentur,
677 2516 740 2575 aut
763 2506 872 2575 etiam
893 2507 938 2575 de
957 2507 1135 2577 veteribus
1152 2507 1230 2599 phi·

125 2625 295 2717 losophiis
326 2633 363 2692 et
394 2623 500 2693 sectis
531 2632 670 2691 tantum
702 2621 888 2714 loquimur,
919 2645 1000 2691 cum
1031 2623 1230 2715 complures

124 2742 204 2812 aliae
232 2740 407 2832 ejusmodi
433 2739 565 2809 fabulae
591 2741 754 2830 componi
782 2748 820 2809 et
845 2740 1045 2810 concinnari
1074 2742 1229 2831 possint;

125 2857 414 2950 quandoquidem
440 2876 597 2925 errorum
621 2877 760 2946 prorsus
785 2856 1002 2926 diversorum
1025 2877 1138 2924 causae
1158 2858 1230 2925 sint

123 2972 356 3044 nihilominus
381 2971 455 3041 sere
482 2991 698 3039 communes.
751 2969 882 3061 Neque
907 2992 1025 3040 rursus
1049 2969 1095 3039 de
1118 2970 1231 3062 pbilo-

123 3088 258 3181 sophiis
272 3085 527 3156 universalibus
545 3092 685 3153 tantum
703 3083 769 3155 hoc
786 3085 1029 3178 intelligimus,
1044 3085 1105 3155 sed
1120 3086 1229 3157 etiam

125 3206 170 3275 de
194 3203 374 3297 principiis
400 3210 438 3271 et
462 3200 698 3270 axiomatibus
725 3201 965 3292 compluribus
990 3202 1229 3287 scientiarum,

125 3344 208 3413 quae
240 3343 286 3391 ex
318 3319 508 3389 traditione
542 3324 580 3385 et
614 3316 683 3385 fide
718 3326 755 3386 et
788 3317 956 3410 neglectu
991 3315 1228 3387 invaluerunt.

125 3539 202 3609 tirely
221 3554 281 3591 new
301 3534 496 3605 Philosophical
517 3532 570 3587 and
590 3533 658 3587 Uni·
700 3534 730 3587 ol
738 3533 783 3587 the
793 3533 932 3587 difference
941 3532 1059 3586 between
1068 3531 1231 3605 Philosophy

124 3617 212 3672 versal
237 3615 390 3684 lenguage.
437 3612 488 3666 For
511 3630 573 3666 men
598 3630 658 3665 ever
700 3611 763 3664 with
775 3610 828 3666 and
841 3610 953 3665 without
969 3628 985 3663 a
1001 3611 1132 3681 language
1150 3612 1181 3665 ol
1196 3613 1231 3666 its

124 3697 216 3750 vitiate
232 3693 301 3747 their
317 3692 487 3761 conceptione
505 3690 540 3760 by
555 3689 601 3742 the
617 3689 657 3742 in·
700 3707 768 3743 own.
797 3689 913 3760 Algebra
925 3706 1005 3742 never
1017 3688 1094 3743 made
1107 3707 1231 3762 progrees

124 3772 279 3828 traduction
297 3770 327 3823 ol
343 3771 447 3824 relative
466 3787 496 3823 or
513 3769 658 3837 analogous
700 3769 740 3821 till
759 3767 824 3822 ester
843 3768 919 3822 Victa
937 3766 1093 3822 introduced
1113 3769 1231 3840 symbols

124 3852 249 3914 notions;
268 3848 321 3902 and
333 3849 354 3902 it
365 3866 419 3902 was
436 3846 525 3918 hoped
542 3845 587 3899 the.
600 3863 659 3899 new
699 3847 756 3900 into
773 3847 802 3910 it,
822 3845 874 3900 and
896 3846 960 3899 then
980 3846 1000 3899 it
1021 3845 1083 3899 shut
1104 3847 1231 3902 iorwards

125 3929 271 3999 Language
286 3926 373 3996 might
385 3926 488 3980 obviate
501 3925 564 3978 this.
600 3923 658 3977 'Ibe
700 3924 818 3994 directly.
848 3923 890 3978 Cf.
909 3925 966 3979 also
984 3922 1183 3980 Advancement
1204 3927 1235 3980 os

123 4007 229 4079 subject
250 4007 273 4060 is
294 4004 393 4059 treated
414 4014 442 4058 at
461 4002 553 4073 length
573 4004 602 4056 iu
622 4002 656 4056 D.
700 4002 842 4072 learning,
854 4022 880 4073 p.
893 4001 950 4070 196.

124 4085 262 4141 Stewart’s
273 4083 340 4137 Phil.
350 4083 381 4137 oi
388 4082 435 4137 the
447 4082 557 4136 Human
569 4080 657 4145 Mind,
733 4079 760 4118 ¹¹⁵
777 4080 852 4134 idolo
865 4081 978 4134 Theotri.
1013 4081 1071 4134 The
1084 4081 1232 4153 prejudices

123 4173 183 4236 part
195 4163 219 4218 l.
235 4162 277 4217 ch.
287 4163 323 4215 iv.
336 4171 400 4216 sect.
410 4181 436 4228 4,
447 4175 473 4227 5,
485 4159 538 4213 aud
552 4159 623 4213 Note
636 4159 658 4212 L
699 4159 799 4229 erising
811 4159 879 4212 from
892 4159 937 4213 the
948 4159 1071 4213 different
1081 4169 1193 4230 systema
1204 4161 1235 4213 ol

122 4259 159 4296 on
174 4241 310 4296 leibnitz:
331 4240 365 4293 ci.
377 4240 433 4293 also
450 4237 497 4294 tha
515 4236 617 4291 lutrod.
630 4246 658 4291 to
701 4236 872 4307 Philosophy,
884 4237 937 4291 and
952 4238 998 4290 the
1010 4237 1094 4308 faulty
1106 4237 1234 4291 methods

122 4322 167 4376 the
180 4337 255 4376 sema
267 4318 350 4381 work,
360 4327 419 4388 part
429 4317 466 4371 ΙΙ.
480 4325 569 4370 secta
582 4317 609 4383 (ᾧ
620 4317 657 4384 2),
700 4315 730 4368 os
747 4314 965 4370 Demonstration
983 4315 1012 4368 in
1031 4332 1127 4385 vogue.
1164 4315 1231 4369 This

122 4401 209 4454 where
229 4398 263 4451 he
280 4405 374 4467 quotes
387 4395 521 4449 Lavoisier
538 4412 574 4447 on
587 4392 657 4447 Che·
699 4391 776 4456 head,
796 4392 883 4446 which
908 4394 999 4463 brings
1021 4393 1111 4446 Bacon
1136 4402 1164 4445 to
1185 4392 1236 4447 the·

122 4480 217 4549 mistry
233 4474 424 4545 andAlgebra.
460 4473 518 4526 The
536 4474 612 4526 latter
631 4471 662 4524 oi
699 4471 765 4541 edge
781 4470 812 4524 οἱ
826 4480 1005 4542 controversy,
1018 4472 1070 4524 will
1085 4471 1237 4529 betreated

123 4557 197 4613 these
216 4552 318 4608 affords
336 4571 352 4606 a
368 4552 482 4622 striking
498 4549 657 4605 illustration
699 4549 729 4602 os
738 4557 765 4602 at
775 4560 878 4619 greater
889 4549 981 4620 length
994 4548 1130 4603 herealter.
