2708 5226
126 547 192 614 216
452 546 626 613 NOVUM
648 542 898 616 ORGANUM.

124 713 364 796 mouendum;
391 721 433 782 ut
450 710 637 808 diligentia
661 713 849 784 hominum
873 712 913 783 in
936 709 1169 803 inquisitione
1190 719 1219 782 et

126 828 292 924 congerie
318 828 489 900 naturalis
514 828 668 901 historiae
685 831 854 923 deinceps
879 834 1049 898 mutetur
1066 825 1178 920 plane,
1191 836 1220 897 at

127 953 287 1017 vertatur
316 945 355 1016 iu
385 945 601 1016 contrarium
630 945 716 1038 ejus,
748 944 844 1037 quod
874 966 974 1014 nunc
1005 943 1044 1012 in
1076 965 1144 1013 usu
1170 951 1220 1012 est.

129 1059 269 1157 Magna
293 1061 390 1133 enim
415 1060 599 1153 bucusque
624 1068 732 1153 atque
758 1059 847 1129 adeo
872 1058 1014 1130 curiosa
1030 1057 1103 1127 fuit
1123 1058 1221 1128 homi·

128 1200 216 1252 num
232 1177 417 1263 industria,
432 1178 469 1247 in
488 1176 645 1247 notanda
661 1197 781 1246 rerum
797 1175 984 1258 varietate,
999 1183 1111 1266 atque
1128 1173 1222 1267 expli·

129 1293 250 1365 candis
270 1293 444 1364 accumtis
464 1291 684 1374 animalium,
702 1291 904 1373 herbamm,
921 1300 962 1364 et
980 1291 1155 1362 fossilium
1171 1290 1223 1361 dii-

130 1409 313 1494 ferentiis;
340 1431 490 1500 quarum
514 1407 691 1500 pleraeque
716 1409 830 1502 magia
857 1415 943 1479 sunt
969 1407 1071 1480 lusus
1095 1416 1221 1488 nature,

131 1549 238 1618 quam
255 1525 354 1597 seriae
371 1524 520 1618 alicujus
537 1522 703 1595 utilitatis
721 1545 841 1594 versus
859 1523 1040 1595 scientias.
1090 1522 1222 1595 Facimt

131 1651 229 1713 certe
263 1641 467 1736 hujusmodi
497 1663 554 1711 res
587 1639 632 1710 ad
663 1639 955 1725 delectationem,
985 1649 1100 1734 atque
1128 1640 1221 1712 etiam

133 1758 346 1850 quaudoque
363 1758 408 1827 ad
425 1758 572 1851 praxin3
593 1778 716 1828 verum
734 1756 780 1826 ad
797 1756 1118 1850 introspiciendam
1134 1765 1222 1827 natu·

133 1895 210 1944 ram
233 1895 369 1966 parum,
393 1883 456 1944 aut
481 1873 580 1944 nihil.
633 1870 760 1965 Itaque
786 1874 1029 1945 convertenda
1054 1873 1159 1967 plane
1180 1880 1223 1943 est

133 2011 240 2082 opera
265 1988 310 2058 ad
334 1988 562 2083 inquirendas
583 1997 623 2061 et
644 1989 817 2060 notandas
841 2011 963 2060 rerum
988 1989 1223 2062 similitudines

133 2113 172 2177 et
198 2104 357 2201 analoga,
384 2114 458 2176 tam
485 2107 522 2177 in
550 2104 792 2201 integralibus,
810 2129 930 2198 .quam
957 2107 1139 2200 partibus:
1167 2106 1222 2178 illa

134 2223 229 2295 enim
254 2231 347 2306 sunt,
364 2245 443 2314 quae
469 2231 632 2294 naturam
656 2223 799 2305 uniunt,
818 2231 857 2294 et
881 2224 1104 2296 constituere
1128 2225 1224 2296 scien·

134 2342 202 2412 tias
218 2335 440 2433 incipiuntffl.

183 2457 321 2529 Verum
338 2456 376 2526 in
393 2456 449 2526 his
465 2457 611 2526 omnino
629 2465 684 2528 est
700 2455 903 2528 adhibenda
919 2459 1042 2530 cautio
1059 2458 1172 2554 gravis
1194 2465 1224 2528 et

134 2597 277 2656 severa3
313 2582 356 2643 ut
386 2573 603 2666 accipiantur
632 2595 696 2667 pro
725 2573 903 2645 instantiis
933 2573 1169 2671 conformibus
1195 2586 1225 2644 et

129 2690 406 2786 proportionalis
432 2690 608 2782 illaeque
634 2690 805 2760 denotant
832 2689 1088 2763 similitudines
1113 2691 1169 2780 (ut
1189 2691 1226 2760 ab

135 2809 237 2878 initio
255 2808 425 2899 diximus)
444 2807 627 2900 physicas3
646 2807 683 2876 id
702 2816 769 2890 est,
787 2806 899 2878 reales
922 2816 960 2878 et
977 2808 1225 2890 substantiales

137 2934 174 2996 et
191 2925 374 2994 immersas
400 2926 437 2993 in
463 2932 609 3005 natura3
637 2946 709 2992 non
733 2923 897 2994 fortuitas
925 2935 963 2994 et
991 2926 1036 2996 ad
1065 2928 1227 3019 speciem3

136 3039 251 3111 multo
277 3042 394 3110 minus
424 3040 684 3132 superstitiosas
710 3048 773 3110 aut
798 3041 962 3123 curiosas,
988 3043 1115 3134 quales
1140 3051 1229 3114 natu·

137 3156 219 3228 ralis
244 3157 369 3250 magiae
394 3156 582 3249 scriptores
608 3153 785 3243 (homines
811 3156 992 3240 levissimi,
1010 3168 1051 3236 et
1072 3159 1111 3230 in
1138 3160 1229 3230 rebus

136 3284 211 3344 tam
238 3273 346 3354 seriis,
365 3271 489 3364 quales
505 3294 601 3341 nunc
618 3272 768 3365 agimus,
787 3274 846 3342 vix
864 3275 1090 3367 nominandi)
1111 3277 1230 3367 ubique

137 3398 339 3472 ostentant;
370 3410 607 3482 magnacum
633 3389 793 3459 vanitate
819 3400 857 3460 et
882 3389 1097 3483 desipientia
1122 3393 1232 3463 inanes

137 3507 385 3578 similitudines
411 3515 450 3575 et
476 3503 692 3598 sympathias
718 3527 836 3575 rerum
863 3506 1118 3594 describentes,
1136 3517 1231 3601 atque

138 3625 247 3696 etiam
265 3623 480 3716 quandoque
497 3620 720 3715 affingentes.

176 3740 315 3814 Verum
333 3739 388 3810 his
405 3738 529 3821 missis,
543 3737 652 3808 etiam
670 3738 707 3807 in
727 3738 801 3830 ipsa
819 3738 1102 3833 configuratione
1119 3740 1234 3814 mundi

138 3861 176 3930 in
193 3859 385 3952 majoribus
409 3881 479 3929 non
498 3867 581 3928 sunt
598 3857 821 3952 negligendae
839 3858 1017 3930 instantior
1034 3861 1234 3958 conformes:

140 3976 251 4047 veluti
277 3973 410 4057 Africa,
437 3984 475 4046 et
501 3975 599 4067 regio
626 3974 833 4058 Peruviana,
864 3999 946 4046 cum
972 3980 1181 4051 continente
1203 4002 1235 4050 se

140 4094 340 4187 porrigente
365 4112 478 4182 usque
503 4091 548 4160 ad
575 4091 708 4163 fretum
732 4089 1027 4186 Magellanicum.
1082 4095 1242 4190 Utraque,

176 4274 203 4314 ⁶⁸
218 4274 285 4329 This
297 4273 417 4344 naming
431 4273 462 4328 ol
472 4272 588 4328 Bacon’s
606 4273 670 4329 does
710 4291 784 4328 more
796 4274 819 4329 is
831 4283 859 4330 to
871 4274 905 4330 be
916 4276 1002 4332 learnt
1014 4277 1163 4351 ianysiar
1175 4279 1235 4333 lrom

141 4365 190 4411 not
203 4354 275 4427 quite
293 4370 369 4424 agree
380 4351 444 4406 with
457 4351 499 4405 hia
511 4353 630 4423 warning
642 4353 670 4407 ia
711 4353 831 4426 noticing
861 4353 1016 4412 differences
1047 4357 1114 4414 than
1146 4375 1235 4415 mem·

143 4435 166 4489 l.
179 4448 223 4505 55.
262 4431 313 4486 His
333 4447 394 4484 own
411 4431 470 4485 love
487 4431 518 4484 of
535 4431 671 4501 analogica
712 4431 828 4489 blances.

142 4511 232 4569 would
243 4510 303 4567 lead
313 4509 370 4564 blm
382 4517 411 4563 to
422 4507 494 4564 thia:
515 4507 566 4564 but
583 4510 672 4580 surely
