2708 5226
211 572 276 636 114
537 568 713 636 NOVUM
735 567 984 634 OBGANUM.

210 735 295 828 quid
321 736 359 805 in
384 736 468 828 ipsis
493 736 749 828 experimentis
776 735 895 805 minus
920 741 1071 816 certum,
1087 732 1145 802 rel
1166 732 1288 804 omnim

211 850 362 935 falsum3
385 859 494 943 atque
510 860 697 944 propterea
716 872 838 923 secum
854 849 1002 920 fortasse
1025 847 1214 943 reputabit,
1229 849 1292 918 iun·

214 966 389 1038 dementis
414 975 454 1039 et
479 967 659 1061 principiis
687 965 783 1038 falsis
809 974 849 1038 et
877 965 997 1036 dubiis
1023 966 1171 1036 inventa
1195 973 1294 1034 noma

212 1084 291 1154 niti.
333 1079 472 1154 Verum
488 1081 557 1153 hoc
573 1081 663 1153 nihil
680 1091 758 1167 est;
783 1103 929 1153 necesse
944 1082 1043 1152 enim
1060 1090 1130 1167 eet,
1146 1079 1231 1151 tslia
1242 1078 1296 1150 urb

214 1201 324 1271 initiis
341 1199 494 1270 evenire.
529 1197 658 1270 Simile
674 1201 771 1269 enim
789 1207 854 1281 est,
869 1221 913 1269 sc
929 1199 959 1268 si
976 1199 1016 1268 iu
1032 1198 1234 1290 scriptione,
1248 1204 1299 1266 ant

214 1317 453 1411 impressione,
471 1338 543 1386 una
564 1314 657 1385 forte
682 1313 795 1398 litera,
812 1322 877 1386 ant
900 1313 1025 1396 altera,
1042 1335 1228 1407 perperam
1249 1334 1302 1405 po-

214 1432 282 1502 sita
303 1440 368 1502 aut
388 1427 561 1500 collocata
582 1429 650 1511 sit;
675 1428 712 1497 id
730 1430 828 1499 enim
854 1427 1036 1522 legentem
1061 1450 1138 1499 non
1162 1427 1302 1498 mulsum

214 1546 388 1639 impedire
413 1543 514 1627 solet,
532 1543 825 1636 quandoquidem
843 1552 959 1615 errata
980 1543 1124 1637 abipso
1145 1567 1247 1616 sensu
1261 1542 1306 1612 fa·

215 1662 285 1733 sile
302 1662 537 1754 corriguntur.
575 1657 636 1729 Ita
650 1661 761 1731 etiam
779 1660 940 1754 cogitent
957 1658 1134 1742 homines,
1151 1658 1307 1729 multain

215 1778 362 1847 historia
376 1773 528 1846 naturali
547 1775 797 1868 experimenta
811 1775 900 1846 falso
913 1775 1009 1846 credi
1025 1784 1066 1846 et
1078 1776 1191 1867 recipi
1203 1793 1308 1868 ρους

217 1913 294 1982 quae
310 1887 416 1982 paulo
432 1895 515 1980 post
531 1912 553 1958 a
569 1889 684 1959 causis
706 1897 745 1960 et
766 1889 1005 1961 axiomatibus
1030 1890 1190 1960 inventis
1215 1886 1309 1959 facile

216 2012 471 2098 expunguntur
493 2011 532 2075 et
557 2005 776 2097 rejiciuntur.
827 2005 899 2076 Sed
923 2014 1046 2076 tamen
1063 2028 1192 2076 verum
1208 2003 1310 2087 estsi

216 2125 255 2193 in
277 2121 424 2192 historia
447 2118 613 2203 naturali,
629 2128 669 2191 et
690 2122 956 2213 experimentis,
973 2144 1116 2216 magna,
1135 2130 1175 2194 et
1189 2119 1312 2200 crebra,

217 2248 255 2312 et
278 2238 449 2310 continua
470 2235 604 2306 fuerint
627 2245 751 2320 errata,
775 2235 838 2307 illa
862 2236 961 2308 nulla
984 2239 1124 2332 ingenii
1149 2247 1214 2310 aut
1236 2237 1313 2308 artis

217 2355 390 2426 felicitate
407 2352 534 2445 corrigi
550 2359 615 2423 ant
630 2353 810 2422 emendari
828 2374 941 2444 posse.
993 2352 1126 2447 Itaque
1147 2355 1234 2425 siin
1249 2353 1313 2423 his·

217 2472 309 2541 toria
325 2477 446 2540 nostra
461 2465 626 2550 naturali,
640 2490 722 2560 quae
734 2476 836 2538 tanta
852 2467 1048 2563 diligentia,
1065 2479 1105 2541 et
1121 2470 1314 2548 severitate,

218 2597 257 2657 et
273 2586 347 2657 fere
365 2583 535 2675 religione
552 2582 700 2674 probata
717 2591 756 2654 et
772 2581 922 2654 collecta
939 2595 1005 2666 est,
1021 2585 1160 2678 aliquid
1182 2587 1221 2655 in
1244 2606 1315 2677 par·

218 2700 425 2773 ticularibus
442 2698 653 2790 quandoque
670 2698 785 2769 subsit
801 2697 977 2784 falsitatis,
991 2710 1055 2772 ant
1072 2703 1217 2784 erroris;
1235 2699 1313 2793 qnid

219 2818 365 2888 tandem
392 2815 438 2886 de
465 2812 616 2884 naturali
645 2814 792 2885 historia
819 2814 967 2909 vulgari,
994 2839 1073 2908 quse
1101 2840 1173 2910 prae
1202 2825 1315 2886 nostra

219 2944 295 3004 tam
312 2930 494 3026 negligens
511 2937 622 3000 estet
639 2929 761 3013 facilis,
780 2931 972 3001 dicendum
989 2932 1083 3003 erit?
1101 2941 1165 3003 aut
1183 2933 1229 3003 de
1246 2931 1315 3024 phi·

219 3048 380 3141 losophiu
395 3055 433 3117 et
452 3046 607 3116 scientiis
624 3067 729 3138 super
744 3045 947 3138 hujusmodi
971 3071 1096 3119 arenas
1115 3047 1189 3138 (vel
1211 3056 1316 3141 syrtes

219 3164 353 3257 potius)
371 3159 574 3232 aedificatis?
601 3159 730 3253 Itaque
747 3162 826 3244 hoc,
843 3163 940 3254 quod
955 3163 1123 3246 diximus,
1141 3166 1315 3236 neminem

221 3276 407 3350 moveatffi.

698 3373 842 3445 CXIX.

273 3476 472 3550 Occurrent
494 3479 604 3546 etiam
627 3478 664 3546 in
688 3474 837 3545 historia
861 3485 983 3547 nostra
1005 3486 1043 3547 et
1067 3478 1317 3570 experimentis

258 3648 284 3688 ⁵³
299 3647 366 3703 This
377 3650 401 3703 is
413 3665 429 3701 a
440 3648 503 3701 wisc
514 3647 619 3700 axiom:
638 3644 692 3699 end
705 3643 753 3699 ad·
794 3653 822 3698 to
834 3656 925 3716 accept
935 3646 982 3700 the
993 3646 1074 3718 good,
1086 3647 1141 3703 and
1152 3657 1183 3702 to
1194 3649 1319 3703 eliminate

223 3728 356 3781 ministere
378 3743 394 3780 a
416 3724 518 3779 rebulse
538 3733 567 3777 to
589 3722 658 3778 such
676 3739 754 3793 sager
794 3722 840 3778 ths
860 3724 941 3778 saulis
962 3725 994 3778 ol
1011 3726 1046 3778 nll
1067 3724 1128 3779 who
1148 3725 1217 3781 have
1235 3726 1319 3780 before

224 3805 311 3858 critice
335 3821 365 3857 as
390 3803 427 3856 Le
452 3802 572 3856 Maistrs.
608 3801 661 3854 We
685 3801 754 3854 shall
794 3802 915 3865 written;
933 3802 986 3857 and
999 3803 1165 3858 eoitcomes
1181 3804 1239 3859 that
1255 3811 1319 3858 most

224 3882 300 3945 have,
312 3882 343 3935 ol
358 3889 503 3938 connato
515 3881 602 3934 notice
618 3880 755 3934 continual
795 3880 883 3933 worhs
901 3897 938 3933 on
951 3880 1062 3952 Physica
1078 3899 1124 3935 are
1141 3882 1260 3937 obsoleto
1270 3883 1320 3935 ins

224 3977 310 4013 errors
328 3960 358 4012 in
376 3957 492 4011 Bacon’s
511 3957 634 4028 Physical
654 3957 753 4011 Know·
794 3955 845 4010 lew
861 3975 946 4028 years.
984 3959 1039 4013 But
1057 3959 1079 4014 it
1096 3961 1120 4013 is
1139 3960 1186 4015 the
1204 3957 1322 4032 gloryol

225 4036 302 4106 ledge
314 4058 323 4099 ς
353 4053 440 4089 errore
463 4034 549 4088 which
574 4045 602 4090 to
626 4053 659 4090 us
683 4052 753 4089 seem
794 4033 848 4088 this
867 4036 941 4089 work
959 4036 1016 4091 that
1035 4055 1072 4091 no
1090 4055 1186 4092 conns
1204 4038 1236 4093 oi
1251 4053 1321 4110 years

226 4123 343 4184 mange,
352 4113 439 4168 botin
448 4112 490 4166 his
500 4112 551 4184 day
560 4132 627 4168 were
639 4113 754 4184 pardon-
794 4130 844 4166 can
862 4112 958 4168 render
973 4116 994 4169 it
1007 4115 1135 4179 obsoleto,
1147 4115 1203 4170 and
1219 4116 1280 4172 that
1295 4131 1321 4169 ss

226 4192 293 4256 able,
311 4190 364 4246 and
383 4191 535 4245 sometimes
556 4191 754 4263 praisevorthy.
796 4191 918 4262 Physicul
940 4192 1064 4248 Scienoes
1087 4193 1210 4258 llourish,
1231 4197 1253 4249 it
1274 4193 1322 4247 will

226 4269 349 4323 —These
365 4287 451 4323 errors
470 4286 505 4322 no
525 4268 587 4324 how
605 4271 695 4324 vitiato
712 4270 755 4323 his
795 4269 888 4323 obtain
903 4287 978 4325 more
993 4271 1046 4326 and
1059 4289 1134 4326 more
1145 4282 1268 4343 πυραῖς
1285 4271 1323 4325 lor

225 4348 367 4418 principles
374 4369 383 4413 ;
402 4347 455 4402 and
467 4364 504 4401 no
514 4365 566 4403 one
576 4348 666 4403 would
681 4366 756 4403 more
795 4347 830 4401 its
842 4350 950 4419 general
961 4350 1165 4420 principleswill
1176 4346 1322 4414 standand

225 4425 316 4498 gladly
338 4426 406 4482 have
435 4426 569 4482 corrected
593 4428 667 4482 them
690 4427 756 4482 than
796 4426 831 4481 its
854 4427 956 4497 ineight
979 4428 1037 4482 into
1060 4427 1165 4482 Nature
1191 4430 1215 4484 is
1244 4429 1321 4498 dseps

227 4505 319 4558 Bacon
342 4507 456 4563 himself.
494 4506 520 4561 lt
539 4507 563 4560 is
586 4524 638 4561 one
658 4505 690 4560 of
709 4505 756 4560 the
796 4505 850 4561 and
874 4505 949 4560 often
972 4506 1008 4560 its
1030 4523 1095 4577 very
1114 4506 1197 4562 isnlts
1220 4525 1264 4562 m
1283 4505 1321 4560 iu·

226 4582 362 4642 hincticns
380 4586 411 4641 of
424 4605 441 4640 a
459 4585 580 4658 growing
593 4584 756 4656 Philosophy
797 4584 933 4639 structivs.
