2708 5226
204 553 270 620 288
533 551 706 618 NOVUM
729 549 985 618 oasam.

206 724 245 788 et
260 716 419 788 indicant
435 717 522 809 quid
540 724 704 813 wantum
722 715 879 812 eorpus-is
897 717 1014 788 ficiat
1029 717 1079 788 ad
1097 714 1237 788 mum
1252 715 1312 788 oir-

205 832 298 906 toto.
349 830 407 905 Aa
426 833 543 926 primo
565 842 649 905 sunt
665 831 831 926 qnaedum
856 831 1027 917 virtutes,
1043 854 1128 926 quae
1152 854 1224 904 non
1239 831 1311 903 snb·

205 949 337 1021 sistunt
353 949 420 1020 nisi
437 949 475 1018 in
493 957 621 1045 quomo
642 948 799 1030 οωηιίοο,
815 947 886 1018 hoc
902 957 972 1034 est,
991 946 1059 1019 tali
1077 956 1208 1044 ᾳυαηω
1222 945 1309 1042 qnod

205 1061 337 1135 habeat
361 1083 571 1134 eonsensum
597 1069 677 1132 tum
702 1059 988 1155 configuratione
1014 1069 1055 1132 et
1081 1061 1216 1132 fabrioa
1238 1062 1309 1133 uni·

206 1179 308 1251 versi.
357 1175 466 1249 Terra
482 1178 578 1250 enim
595 1185 689 1257 stat3
716 1182 833 1269 partes
848 1175 928 1266 ejus
945 1176 1094 1248 eadunt.
1147 1173 1260 1270 Aque
1273 1178 1307 1247 in

205 1292 361 1365 maribus
382 1292 500 1364 fluunt
515 1301 555 1365 et
576 1289 757 1374 refluunt;
781 1292 818 1360 in
836 1288 956 1362 fluviis
982 1292 1146 1377 minime,
1163 1293 1229 1364 nisi
1249 1315 1306 1386 per

206 1412 402 1504 ingressum
429 1409 547 1480 maris.
598 1405 741 1480 Deinde
770 1405 879 1478 etiam
905 1429 1033 1479 ornnes
1062 1408 1140 1481 iere
1165 1410 1304 1480 virtutes

205 1526 435 1620 particulares
459 1525 652 1597 seeundum
670 1521 814 1596 multum
830 1533 895 1596 aut
906 1547 1038 1618 porum
1056 1527 1215 1619 eorporis
1229 1549 1304 1620 ope

205 1652 337 1714 rantur.
387 1641 503 1735 Aqnae
531 1640 636 1738 largn
665 1664 736 1713 non
766 1640 870 1714 facile
898 1655 1204 1736 corrumpuntur3
1236 1643 1304 1715 exi·

203 1782 283 1854 guae
317 1762 400 1831 oito.
465 1758 630 1829 Mustnm
664 1767 701 1829 et
735 1758 884 1830 cervisia
917 1767 1172 1831 maturesennt
1207 1758 1303 1854 longe

206 1874 321 1961 citius,
352 1882 390 1944 et
419 1873 511 1944 fiunt
543 1873 711 1966 potabilis
740 1875 778 1944 in
809 1874 950 1946 utribus
980 1874 1108 1968 parvis,
1138 1897 1246 1968 qnam
1270 1875 1303 1946 in

205 1990 309 2062 doliis
334 1991 483 2084 magnis.
536 1989 576 2061 Si
605 1989 715 2061 herba
742 1998 895 2083 ponatur
921 1991 960 2060 in
987 1991 1124 2083 majore
1148 1992 1302 2086 portione

205 2106 361 2199 liquoris,
387 2106 430 2176 iit
454 2105 595 2191 infusio,
620 2107 733 2201 magis
759 2129 877 2207 quum·
891 2106 1094 2179 imbibitio:
1129 2109 1160 2180 si
1185 2109 1222 2179 in
1245 2108 1302 2179 rni-

205 2246 300 2308 nore‚
322 2224 365 2294 iit
389 2222 579 2309 imbibitio,
596 2223 709 2318 magis
735 2247 841 2316 quam
865 2223 1009 2296 infusio.
1061 2223 1178 2297 Aliud
1203 2227 1301 2322 ign'tnr

205 2362 289 2435 erga
318 2361 445 2433 eorpus
472 2339 669 2409 humanum
698 2346 754 2411 est
779 2339 959 2423 balneum,
985 2339 1085 2411 uliud
1111 2340 1202 2414 levis
1228 2342 1303 2414 irro-

205 2458 307 2529 ratio.
360 2455 481 2527 Etiam
498 2456 594 2548 parvi
612 2478 709 2528 rores
728 2456 765 2526 in
783 2458 863 2528 aiirs
885 2480 1073 2550 nunqnam
1090 2459 1234 2541 eadunt,
1249 2456 1301 2530 sed

206 2573 432 2666 dissipantur,
450 2578 488 2639 et
508 2592 589 2638 oum
608 2571 689 2640 a'ere
711 2571 992 2663 incorporantur.
1045 2572 1099 2644 Et
1117 2575 1236 2647 videre
1256 2584 1301 2646 est

205 2686 243 2754 in
261 2682 422 2755 anhelitu
448 2705 554 2776 super
575 2705 745 2777 gemmas,
764 2707 890 2776 parum
914 2682 1004 2754 illud
1028 2685 1199 2771 humoris,
1215 2687 1301 2782 quasi

206 2801 416 2872 nubeculam
450 2809 557 2870 vento
588 2799 804 2892 dissipatam,
836 2800 1009 2871 continuo
1042 2802 1143 2874 solvi.
1195 2802 1302 2875 Etiam

207 2918 359 2988 frustum
395 2917 554 3008 ejusdem
584 2916 760 3009 magnetis
795 2939 867 2985 non
901 2914 1012 2987 trahit
1049 2920 1301 3002 tentantem,

208 3044 379 3124 quantum
398 3054 544 3125 magnes
562 3033 711 3126 integer.
765 3030 858 3102 Sunt
874 3032 983 3103 etiam
1003 3036 1168 3122 virtutes,
1186 3038 1222 3108 in
1238 3036 1303 3131 qui·

208 3155 275 3226 bus
299 3156 452 3248 parvitas
476 3155 597 3249 quanti
620 3155 732 3248 magis
756 3164 894 3247 potest;
929 3165 972 3225 ut
999 3159 1038 3227 in
1061 3157 1304 3251 penetrationi·

209 3272 285 3355 bus,
296 3271 407 3367 stylus
420 3280 545 3343 sentus
559 3271 664 3342 eitius
677 3281 851 3363 penetrat,
863 3294 968 3364 qnam
982 3274 1155 3361 obtusus;
1175 3276 1304 3348 adamo

208 3402 427 3485 punctuatus
444 3389 574 3481 sculpit
591 3391 628 3459 in
645 3390 748 3472 vitro,
767 3399 805 3461 et
820 3390 957 3461 similia.

258 3507 395 3578 Verum
427 3529 496 3576 non
528 3503 585 3574 hie
615 3506 827 3575 morandum
857 3515 912 3576 est
945 3506 981 3575 in
1013 3507 1223 3591 indefinitis,
1251 3504 1304 3578 sed

209 3626 316 3695 etiam
348 3624 393 3694 de
418 3618 611 3693 rationibus
637 3621 759 3714 quami
784 3623 938 3715 corporis
964 3646 1052 3717 erga
1077 3626 1229 3696 modum
1248 3624 1306 3693 vir·

209 3742 296 3810 tutis
319 3739 580 3830 inquirendum.
634 3736 795 3809 Proclive
812 3740 909 3810 enim
928 3740 1021 3810 foret
1044 3743 1203 3826 eredere,
1221 3737 1306 3834 quod

207 3856 360 3926 rationes
378 3856 500 3945 quanti
522 3854 675 3925 rationes
693 3855 834 3925 virtutis
856 3854 1108 3946 adequarent;
1135 3866 1179 3929 ut
1194 3859 1224 3928 si
1245 3855 1308 3950 pila

207 3969 375 4064 plumbea
396 3971 500 4041 nnius
523 3972 636 4041 nnoioe
658 3970 804 4042 caderet
823 3971 859 4041 in
879 3970 942 4042 tali
967 3980 1142 4065 tempore,
1161 3973 1234 4067 pila
1252 3995 1308 4042 nn·

207 4088 341 4158 ciarum
372 4087 522 4156 duarum
554 4088 701 4159 deberet
733 4088 859 4160 cadere
889 4087 999 4181 dupio
1029 4088 1195 4174 celerius,
1222 4085 1308 4183 quod

208 4203 432 4274 falsissimum
459 4212 537 4287 est3
568 4226 634 4273 neo
658 4204 794 4276 eedem
821 4205 977 4275 rationes
999 4204 1036 4273 in
1061 4207 1161 4276 omni
1185 4225 1309 4302 genere

208 4320 380 4389 virtutum
400 4316 532 4403 valent,
550 4320 610 4390 sed
637 4319 742 4414 longe
767 4321 922 4392 diversae.
975 4319 1107 4414 Itaque
1131 4323 1192 4392 hae
1217 4343 1309 4392 men·

207 4459 296 4508 surae
313 4457 359 4505 ex
376 4435 481 4505 rebus
498 4436 582 4529 ipsis
604 4438 769 4529 petendae
786 4446 881 4521 sunt,
899 4444 937 4508 et
960 4458 1033 4506 non
1051 4460 1098 4509 ex
1117 4436 1310 4510 veristniti·

208 4553 342 4638 tudine,
360 4561 422 4623 aut
439 4551 661 4643 conjecturis.
