2708 5226
527 571 617 638 LIB.
637 571 665 637 1.
681 573 821 655 82-84.
1186 579 1229 640 75

563 735 791 809 LXXXIII.

165 853 347 928 Excrevit
366 860 488 926 autem
513 857 644 926 mirum
669 856 709 926 in
734 855 882 925 modum
905 857 1000 926 istud
1024 855 1160 926 malum
1183 879 1230 929 ex

122 972 288 1064 opinione
315 969 481 1063 quadam,
506 973 581 1042 sive
612 972 848 1042 aestimatione
878 971 1086 1054 inveterata,
1104 995 1228 1042 verum

122 1087 259 1160 tumida
290 1098 332 1158 et
363 1086 553 1171 damnosa;
589 1090 703 1159 minui
737 1110 866 1181 nempe
901 1089 1032 1158 mentis
1066 1088 1230 1159 hnmanae

120 1206 360 1299 majestatem,
397 1206 426 1275 si
459 1207 723 1298 experimentis,
752 1214 790 1275 et
823 1203 928 1276 rebus
961 1204 1231 1296 particularibus

120 1323 236 1394 sensui
271 1320 454 1414 subjectis,
484 1331 522 1394 et
554 1323 591 1392 in
625 1324 776 1393 materia
807 1321 1063 1403 determinatis,
1093 1322 1156 1391 diu
1188 1345 1230 1392 ac

122 1437 280 1509 multum
298 1433 512 1509 versetur⁷⁶:
538 1439 732 1531 praesertim
750 1460 861 1530 quum
877 1436 1083 1531 hujusmodi
1107 1460 1163 1508 res
1185 1439 1230 1508 ad

121 1553 378 1648 inquirendum
403 1553 595 1638 laboriosae,
623 1554 668 1625 ad
696 1553 943 1624 meditandum
972 1553 1157 1647 ignobiles,
1184 1554 1230 1623 ad

122 1672 320 1744 dicendum
338 1692 479 1762 asperae,
496 1671 541 1740 ad
559 1671 752 1763 practicam
769 1669 970 1752 illiberales,
988 1692 1136 1742 nomem
1154 1671 1233 1740 infi-

122 1791 215 1872 nitae,
240 1796 280 1858 et
307 1785 509 1858 subtilitate
540 1796 665 1858 tenues
695 1808 772 1858 esse
801 1785 949 1858 soleant.
1002 1786 1131 1879 Itaque
1154 1788 1231 1880 jam

123 1903 270 1975 tandem
293 1902 365 1974 huc
381 1925 437 1974 res
454 1902 569 1984 rediit,
589 1912 631 1973 nt
648 1904 705 1973 via
723 1925 805 1974 vera
826 1924 897 1973 non
921 1911 1062 1974 tantum
1080 1905 1232 1987 deserta,

123 2021 183 2092 sed
214 2021 330 2092 etiam
359 2019 551 2091 interclusa
576 2028 614 2090 et
640 2018 820 2090 obstructa
848 2019 915 2100 sit;
941 2019 1099 2091 fastidita
1125 2043 1233 2114 expo·

124 2137 264 2219 rientia,
281 2135 416 2207 nedum
432 2134 568 2220 relicta,
586 2143 649 2205 aut
666 2133 759 2207 male
776 2135 1031 2208 administrata.

175 2390 317 2460 Rursus
329 2411 413 2460 vero
426 2283 829 2480 ὴοωίηθξξξτέἕιῖεευ
847 2389 884 2455 in
901 2388 1058 2458 scientiis
1075 2388 1233 2461 detinuit

128 2513 165 2578 et
191 2506 269 2578 fere
295 2508 495 2576 incantavit
515 2506 719 2599 reverentia
742 2505 976 2597 antiquitatis,
1003 2514 1040 2576 et
1067 2508 1233 2596 viromm‚

128 2623 188 2715 qui
212 2624 250 2693 in
269 2620 492 2716 philosophia
514 2623 633 2716 magni
657 2621 769 2692 habiti
794 2631 886 2703 sunt,
904 2625 1106 2707 auctoritas,
1123 2633 1233 2718 atque

129 2738 259 2810 deinde
275 2759 476 2809 consensrrs.
523 2737 647 2829 Atque
664 2739 709 2809 de
727 2760 900 2808 consensu
916 2741 1076 2833 superius
1093 2741 1231 2812 dictum

128 2851 229 2926 est⁷⁷.

178 2969 237 3042 De
253 2965 503 3063 antiquitate⁷⁸
514 2977 635 3040 autem
648 2971 777 3064 opinio,
792 2994 898 3062 quam
915 2972 1078 3044 homines
1095 2973 1140 3044 de
1159 2975 1235 3066 ipsa

129 3191 665 3263 butwlratiewantedisnotapathoutof
704 3210 779 3248 coma
790 3201 819 3247 to
834 3192 880 3247 tha
895 3193 1014 3248 bottoms
1029 3194 1059 3249 ol
1074 3193 1120 3249 the
1137 3213 1235 3250 moun·

128 3273 235 3330 avood
245 3274 306 3328 into
321 3289 391 3343 open
403 3280 526 3343 country,
538 3289 569 3325 so
580 3271 663 3326 much
703 3272 773 3327 tuns
782 3272 810 3326 :”
829 3270 881 3325 and
894 3289 979 3327 soon.

128 3372 158 3410 as
169 3372 185 3409 a
195 3350 272 3426 good
286 3359 471 3422 arrangement
487 3350 519 3406 ol
534 3348 578 3404 tha
594 3359 662 3405 trees
739 3348 765 3389 ⁷⁶
783 3348 942 3420 Something
958 3350 1011 3404 like
1027 3348 1080 3403 this
1099 3360 1236 3423 contempt

128 3433 156 3488 in
167 3434 197 3488 it
223 3429 285 3486 'tue
295 3428 438 3500 Metaphor
448 3430 472 3484 is
484 3427 623 3499 expandcd
635 3429 663 3482 in
704 3428 735 3482 cf
744 3427 899 3498 paniculum
908 3428 961 3480 will
970 3427 1003 3480 be
1013 3427 1102 3481 traoed
1113 3429 1142 3481 in
1155 3446 1235 3501 many

128 3511 291 3583 airagment
310 3507 445 3579 supposed
463 3517 492 3562 tc
510 3506 544 3562 be
562 3507 604 3560 his
618 3506 664 3561 ln·
704 3505 735 3559 ol
759 3504 805 3558 tha
829 3504 944 3558 Audeat
968 3504 1235 3574 Philosophers-in

128 3588 286 3646 troduotion
296 3590 327 3641 to
338 3585 384 3640 the
397 3586 498 3641 Fourth
509 3586 563 3640 fact
574 3585 605 3639 oi
619 3584 665 3639 the
705 3583 772 3637 such
785 3582 916 3637 doctrines
929 3582 982 3652 (lor
993 3584 1124 3653 example)
1137 3602 1166 3639 aa
1178 3587 1237 3641 that

130 3666 314 3724 lmtauration
321 3686 330 3730 ς
348 3664 431 3730 there,
439 3665 569 3736 speaking
580 3663 610 3717 oi
619 3662 665 3717 the
705 3659 945 3732 the“drrupor”is
963 3663 1048 3716 κακόν.
1085 3661 1123 3718 So
1141 3674 1187 3718 too
1207 3666 1236 3721 in

130 3747 204 3821 Sylv.
225 3736 312 3817 Syl‘v„
330 3742 366 3799 he
389 3762 459 3816 says,
478 3749 545 3797 “we
568 3742 663 3797 endea-
706 3739 782 3794 Plato
801 3738 867 3810 Rep.
887 3738 940 3794 Bk.
952 3740 997 3794 vii.
1018 3757 1053 3794 on
1075 3739 1236 3801 Education.

128 3824 409 3894 rouredtopenatrate
415 3821 469 3877 and
476 3839 538 3893 pass
545 3819 664 3893 through
707 3819 796 3892 Roget
809 3818 900 3872 Bacou
916 3819 944 3873 in
960 3818 1005 3873 tha
1019 3818 1097 3890 Opus
1110 3821 1200 3895 Majus
1213 3825 1236 3880 Ι.

129 3904 175 3960 the
185 3900 282 3959 mods
298 3900 329 3956 ol
344 3900 456 3966 Nature,
468 3900 543 3955 thick
560 3908 600 3955 set
611 3899 665 3954 and
705 3898 741 3952 ix.
755 3915 816 3970 says
830 3896 889 3952 that
900 3897 946 3952 the
964 3906 1100 3969 conoempt
1111 3899 1154 3954 t'or
1165 3902 1237 3958 what

130 3979 268 4038 &merted
276 3978 341 4034 with
353 3997 370 4034 a
381 3988 456 4051 great
466 3980 568 4051 variety
579 3978 611 4033 ci
620 3997 665 4033 ex·
706 3994 757 4032 ona
769 3975 833 4030 does
844 3984 893 4030 not
904 3976 985 4031 lmcvv
996 3976 1019 4030 ia
1031 3993 1083 4031 one
1094 3978 1167 4034 ehiai
1176 3980 1236 4036 hin-

130 4062 286 4134 perlments‚
298 4076 328 4113 aa
343 4058 409 4112 with
425 4059 528 4123 leaves3
548 4057 601 4112 and
619 4074 666 4112 en·
707 4054 804 4110 drauoe
815 4063 844 4109 to
855 4054 1057 4127 improvement.

130 4139 241 4214 tangled
264 4135 319 4192 and
339 4136 439 4192 trained
461 4136 593 4208 together,
614 4136 667 4190 lilrc
743 4133 989 4204 ”superius—via.
1003 4134 1026 4189 1.
1038 4147 1081 4205 77.

130 4219 231 4275 ahrnbs
252 4214 308 4272 and
326 4215 436 4280 bushes,
453 4214 517 4270 with
536 4215 582 4271 the
601 4214 665 4270 snb-
743 4211 768 4252 ⁷⁸
781 4212 825 4267 cf.
845 4211 916 4268 Adv.
936 4212 968 4267 of
986 4211 1128 4285 learning,
1151 4217 1203 4273 Blr.
1218 4220 1237 4273 i.

129 4294 436 4370 hltyolobssrvationa.
474 4293 525 4349 We
541 4311 666 4358 aranon,
708 4311 734 4364 p.
742 4306 787 4363 47,
797 4291 841 4358 48.
877 4291 984 4346 Almost
1004 4290 1039 4345 all
1057 4291 1103 4346 tha
1120 4296 1239 4369 opening

131 4375 256 4448 perhaps,
280 4372 442 4445 proceeding
463 4378 493 4429 to
517 4373 563 4428 the
592 4390 666 4428 more
707 4370 739 4424 ol
755 4369 843 4441 Rogar
855 4368 972 4424 Baeon’s
984 4368 1064 4440 Opus
1076 4369 1166 4442 Majus
1178 4372 1238 4427 bat·

131 4472 201 4527 open
219 4461 294 4526 parts
313 4451 345 4507 oi
362 4450 475 4516 Nature,
487 4451 573 4507 which
592 4451 666 4506 how·
707 4450 756 4503 tlas
769 4447 832 4502 with
843 4447 889 4502 tha
907 4446 1040 4519 prejudica
1057 4447 1086 4500 in
1104 4448 1199 4502 favour
1210 4450 1241 4505 ol

133 4551 193 4590 ever
216 4550 262 4587 are
286 4531 340 4586 still
363 4548 438 4585 more
462 4529 591 4593 difficult;
613 4528 667 4584 and
707 4526 857 4598 Antiquity.
882 4525 960 4597 Opus
979 4524 1080 4595 Majm,
1097 4525 1238 4582 l.i.-—viii.

134 4610 233 4685 having
250 4619 300 4683 got
313 4607 432 4680 through
451 4609 496 4665 the
509 4607 610 4673 woodo,
623 4624 667 4664 are
709 4605 759 4660 See
787 4605 845 4660 also
874 4602 920 4658 the
945 4601 1048 4658 lotrod.
1072 4611 1101 4656 tc
1127 4602 1239 4665 locke’s
