2708 5226
125 563 192 627 218
453 555 629 626 NOVUM
651 552 900 621 ORGANUM.

126 722 276 822 aqudia
297 729 389 806 rant,
405 722 509 793 ctiam
535 722 626 795 inter
641 744 678 793 aa
696 720 770 792 nint
792 717 953 816 woclin,
970 717 1154 791 conforme
1168 727 1213 791 est

127 865 209 914 cum
227 841 360 912 fabrica
376 837 568 934 syllogismi
593 839 631 908 in
657 836 782 932 logica,
799 838 862 928 qui
879 837 962 908 unit
978 859 1032 920 ea,
1050 857 1130 927 quae
1142 858 1216 906 eon·

127 960 277 1033 veniunt
292 959 330 1028 in
347 956 476 1030 medio.
503 953 669 1048 Denique
686 953 843 1026 multum
861 953 961 1026 utilis
977 962 1036 1026 ost
1051 953 1090 1024 in
1107 973 1216 1046 quarn·

126 1076 286 1172 plurimis
302 1074 474 1168 sagacitas
489 1072 652 1165 quedam
669 1073 707 1143 iu
724 1071 976 1164 conquirendis
1001 1079 1042 1142 et
1063 1070 1217 1165 indagare

126 1195 182 1266 dis
200 1190 515 1274 conformitatibus,
532 1198 572 1262 et
586 1187 879 1261 similitudinibus
894 1184 1095 1282 physicis⁷⁴.

180 1461 282 1533 Inter
307 1456 557 1556 prorropatioaa
584 1455 833 1527 instantiarum
867 1477 1045 1549 ponemus
1079 1456 1217 1550 septimo

129 1577 208 1649 loco
225 1575 410 1648 instantias
435 1571 655 1651 monadica:
680 1593 768 1665 quas
792 1572 903 1643 etiam
919 1569 1142 1670 irregulare-5,
1156 1571 1219 1642 sire

129 1689 342 1763 ismaelitas
366 1691 525 1784 (sumpto
542 1685 715 1761 vocabulo
731 1711 754 1759 a
769 1689 1027 1784 grammaticis)
1053 1687 1219 1784 appellare

129 1805 419 1880 consuevimus&
472 1806 534 1878 Eae
563 1815 657 1889 sunt,
685 1828 763 1898 quoe
792 1805 989 1877 ostendunt
1017 1829 1166 1900 corpora
1189 1806 1219 1874 in

129 1933 321 2009 concreto3
353 1946 433 2017 quae
458 1925 627 1995 videntur
654 1944 731 1995 esse
759 1924 1039 2018 extravagantia,
1067 1932 1107 1995 et
1134 1922 1219 2017 qnasi

128 2042 280 2136 abmpta
295 2041 332 2112 in
350 2050 486 2123 natura,
504 2049 543 2112 et
559 2040 707 2111 minime
723 2039 912 2112 convenire
929 2061 1013 2111 cnm
1031 2039 1112 2113 aliis
1127 2040 1220 2113 rebus

128 2159 288 2253 ejusdem
304 2157 454 2252 generis.
507 2154 655 2227 Etenim
673 2154 850 2226 instantia
866 2153 1061 2252 consonans
1083 2165 1168 2230 sunt
1184 2157 1221 2228 si-

127 2274 230 2347 miles
246 2273 411 2346 alterius:
437 2280 477 2343 at
493 2270 670 2342 instantia
687 2269 877 2343 monadica
895 2280 982 2343 sunt
1005 2274 1062 2345 sni
1086 2272 1219 2345 similes

129 2390 226 2465 Usus
250 2413 334 2463 vero
359 2388 606 2460 instantiarum
633 2383 892 2458 monodicaram
919 2397 976 2460 est
1003 2389 1096 2473 talis,
1120 2387 1221 2483 qualis

129 2516 185 2581 est
201 2505 449 2579 instantiarum
467 2502 779 2576 clandestiaaram:
807 2505 873 2574 viz.
891 2504 937 2575 ad
953 2506 1176 2578 evehendam
1191 2513 1222 2575 et

129 2624 322 2695 uniendam
349 2631 512 2693 naturam
530 2622 573 2691 ad
592 2621 805 2691 invenienda
822 2643 963 2714 genera,
983 2622 1059 2694 sire
1076 2645 1223 2695 commn-

127 2763 191 2811 nes
218 2747 369 2818 naturas,
404 2737 607 2808 limitandas
636 2744 759 2828 postea
786 2760 851 2830 per
876 2737 1096 2812 differentias
1123 2761 1221 2812 veras.

129 2856 262 2948 Neque
286 2855 382 2924 enim
409 2853 651 2924 desistendum
678 2852 723 2923 ab
749 2854 989 2946 inquisitione,
1011 2857 1130 2930 donec
1154 2879 1224 2950 pro-

129 2975 297 3069 prietates
323 2979 360 3042 et
383 2969 581 3063 qualitates,
607 2993 684 3063 quae
710 2971 939 3043 inveniuntur
965 2973 1004 3044 in
1030 2973 1223 3070 hujusmodi

129 3089 244 3173 rebus,
260 3111 340 3182 quae
363 3095 511 3182 possunt
528 3087 662 3157 censeri
682 3109 744 3179 pro
761 3087 942 3158 miraculis
963 3099 1113 3175 naturae,
1130 3091 1224 3163 redu-

129 3215 255 3276 cantur
271 3213 309 3276 et
326 3203 674 3298 comprehendantur
691 3203 757 3273 sub
775 3204 893 3298 aliqua
911 3206 1027 3278 forma
1053 3209 1129 3281 sive
1154 3207 1223 3303 lege

165 3401 191 3442 ⁷⁴
221 3401 301 3457 Some
330 3403 451 3472 warning
482 3401 586 3472 against
616 3397 662 3452 the
738 3399 763 3440 ⁷⁶
785 3400 874 3457 These
901 3402 1030 3474 Singula
1051 3422 1085 3461 01·
1108 3404 1227 3476 irregnhr

130 3480 245 3552 “Spin't
265 3481 296 3535 of
314 3480 441 3552 Systcm”
463 3480 486 3534 is
511 3477 612 3533 needed
633 3477 662 3531 in
704 3476 973 3554 lustnneesarevery
984 3484 1160 3549 valum„
1176 3485 1227 3555 gis.

129 3561 183 3616 this
201 3559 355 3631 Apharism.
391 3559 450 3614 The
465 3558 600 3628 analogias
618 3575 662 3612 ars
703 3557 751 3629 ing
771 3560 922 3631 something
936 3567 1001 3617 ‘ont
1016 3563 1049 3618 oi
1063 3564 1169 3619 course'
1180 3560 1227 3618 aad

129 3659 193 3711 very
205 3639 323 3703 munitul,
339 3637 392 3693 aad
410 3638 483 3693 otton
501 3653 661 3701 erroneorum
702 3655 875 3704 uueommon,
888 3640 982 3696 within
999 3660 1066 3714 very
1083 3661 1188 3698 ωπον
1202 3642 1228 3696 li·

129 3718 183 3774 and
213 3720 234 3772 it
264 3735 349 3772 seems
379 3716 545 3788 throughout
574 3725 602 3770 to
627 3714 662 3769 be
702 3718 774 3773 mitt.
812 3719 934 3775 Suturn’s
951 3719 1039 3792 Ringt
1058 3723 1150 3779 would
1168 3722 1229 3777 boa

103 3837 109 3850 .
129 3795 212 3854 much
231 3806 258 3850 at
273 3795 394 3850 varianae
409 3795 472 3850 with
492 3794 537 3849 the
556 3795 662 3866 general
702 3798 742 3851 iar
764 3797 850 3852 better
873 3800 993 3869 example
1016 3799 1085 3856 than
1109 3801 1155 3856 the
1178 3801 1230 3856 Snn

130 3873 435 3947 spiritofhiaMethod.
463 3874 661 3929 'l'hislastscc-
702 3875 756 3930 and
781 3876 884 3942 Meam
908 3877 962 3932 sud
985 3877 1033 3933 the
1058 3879 1150 3936 latter
1170 3880 1189 3934 S
1210 3880 1230 3932 is

130 3956 187 4010 tion
200 3952 661 4023 containsehintolthstiaroxic,
703 3955 971 4027 scamelydcserving
989 3957 1020 4013 oi
1036 3976 1054 4012 a
1071 3961 1148 4031 placa
1165 3959 1231 4015 herc.

131 4033 292 4104 “sagamtas
313 4030 467 4104 quaedrm,”
489 4031 612 4104 required
633 4032 662 4086 in
704 4034 753 4090 See
769 4034 921 4091 Harschcl’s
935 4036 1090 4101 Dioeonrse,
1104 4038 1191 4110 §364

130 4113 208 4168 those
231 4110 292 4167 who
322 4110 404 4182 study
427 4111 550 4184 Physieal
575 4111 661 4165 lawa.
733 4112 1231 4189 instances7‚8,&9‚mighthumll

131 4192 158 4248 lt
176 4193 199 4247 is
221 4199 269 4246 not
290 4207 321 4245 so
342 4190 425 4245 much
445 4208 474 4244 as
497 4189 662 4261 Coleridge's
702 4210 777 4249 come
790 4193 1231 4258 underomhwdsamaeoe

132 4270 266 4326 “Mental
297 4268 456 4333 initiative,”
480 4269 530 4324 but
559 4270 622 4340 only
646 4287 663 4323 a
702 4273 730 4326 in
744 4271 1231 4343 SpeciesarewhatDsotcntesnreiu

130 4349 198 4406 kind
210 4350 240 4405 oi
256 4345 422 4403 shrewdness
441 4348 470 4403 iu
489 4349 580 4420 seeing
597 4366 662 4403 con·
704 4350 879 4415 individuale,
891 4352 946 4407 and
958 4352 1116 4410 Maca
1131 4374 1175 4410 arc
1185 4353 1231 4411 aff·

131 4430 252 4486 nections
271 4427 389 4482 bnween
406 4426 555 4493 instantem
575 4436 662 4483 asort
703 4429 1232 4505 shoonotatawdieoehsingthome

130 4511 162 4566 of
177 4507 253 4580 npid
273 4505 395 4576 θήρευσις
411 4505 541 4575 ἀληθείας,
553 4524 583 4563 u
601 4507 661 4563 Arl-
703 4509 732 4564 ln
743 4508 829 4564 which
846 4519 898 4566 two
916 4511 1017 4582 Specie!
1036 4530 1109 4568 ”em
1125 4522 1154 4568 lo
1171 4513 1232 4567 hm

131 4589 210 4645 atatis
221 4585 310 4643 would
322 4584 390 4642 have
401 4584 541 4656 mprsssed
553 4587 582 4641 it.
703 4588 886 4661 transgroend
898 4606 950 4646 ona
960 4590 1098 4648 mahar·
1110 4592 1200 4648 limita
