2708 5226
495 542 583 608 mn.
609 541 654 607 11.
671 562 721 607 20.
1094 550 1157 621 roa

107 715 146 777 et
173 705 295 778 subito
323 707 479 800 positum
509 708 546 778 in
572 707 701 801 frigido
729 706 878 779 dissiliat
902 719 940 781 et
967 711 1158 807 frangatur.

107 822 285 896 Similiter
299 824 360 895 adr
377 845 441 916 per
458 822 572 895 levem
591 823 893 917 infrigidationem
910 828 1038 919 recipit
1063 851 1101 900 se
1123 832 1160 901 in

107 942 315 1035 angustius:
341 949 385 1011 ut
402 937 700 1032 perlustratus
723 938 806 1012 rao.
822 946 857 1012 3.
885 939 1025 1014 Verum
1043 944 1160 1019 dehis

108 1056 220 1129 maius
237 1058 378 1128 dicetur
395 1057 432 1127 iu
450 1056 678 1148 inquisitione
696 1057 741 1127 de
758 1057 895 1151 frigido.

156 1172 291 1267 Neque
318 1174 449 1243 mirum
475 1181 541 1256 est,
558 1174 587 1244 si
613 1171 768 1244 calidum
795 1184 833 1245 et
859 1174 1026 1268 frigidum
1052 1179 1161 1249 edant

106 1289 309 1384 complures
334 1289 490 1361 actiones
513 1312 728 1373 communes,
747 1290 809 1382 (de
824 1313 895 1383 quo
913 1292 994 1362 vide
1010 1290 1160 1366 Instant.

107 1414 166 1481 32.
201 1404 287 1478 Tae.
302 1405 352 1495 2.)
382 1429 464 1477 cum
493 1406 719 1477 inveniantur
748 1405 826 1476 duae
855 1428 903 1477 ex
932 1410 1161 1501 sequentibus

107 1522 326 1622 defferentes,
340 1522 401 1613 (de
418 1523 544 1616 quibus
561 1545 646 1594 mox
663 1522 837 1616 dicemus)
855 1547 933 1617 quae
950 1534 1161 1620 competunt

107 1644 254 1735 utrique
271 1651 427 1722 naturae3
453 1638 539 1710 licet
555 1640 593 1708 in
610 1640 676 1709 hac
689 1635 887 1735 differentia
901 1641 962 1730 (de
979 1665 1050 1734 qua
1066 1667 1161 1715 nuuc

108 1757 305 1852 loquimur)
323 1758 481 1829 actiones
505 1757 577 1828 sint
599 1778 646 1826 ex
670 1756 844 1827 diametro
861 1759 1051 1852 opposite:
1078 1759 1162 1831 cali·

107 1876 193 1947 dum
223 1874 321 1947 euim
352 1875 414 1944 dat
442 1880 582 1942 motum
610 1871 843 1964 expausivum
871 1882 910 1945 et
939 1874 1160 1959 dilatantem,

108 1991 279 2087 frigidum
303 1999 425 2061 autem
447 1988 510 2059 dat
533 1996 673 2059 motum
690 1988 950 2060 contractivum
972 2000 1010 2063 et
1033 1993 1162 2064 colicu-

107 2119 193 2181 tem.

103 2337 222 2413 cunda
249 2336 445 2436 defferente
472 2346 526 2408 cst
552 2334 769 2406 modificatio
795 2335 939 2426 prioris;
961 2335 1035 2406 haec
1063 2337 1162 2408 vide-

109 2454 206 2540 licet,
235 2455 331 2548 quod
359 2452 456 2525 calor
479 2454 526 2522 sit
553 2460 671 2522 motus
696 2450 916 2543 expansivus,
939 2449 1013 2521 sive
1040 2473 1162 2523 versus

109 2571 453 2644 circumferentiam:
491 2568 556 2640 hac
586 2567 665 2661 lege
694 2575 827 2649 tamen,
856 2575 899 2636 ut
928 2589 999 2638 una
1027 2567 1163 2639 feratur

107 2710 237 2781 corpus
263 2708 401 2758 sursum
412 2684 448 2755 ³³.
500 2683 661 2755 Dubium
682 2684 778 2755 enim
802 2705 873 2752 non
897 2689 963 2767 est,
980 2685 1066 2775 quin
1088 2685 1162 2757 sint

109 2814 231 2877 motus
248 2805 448 2895 complures
463 2782 581 2872 minti.¹
608 2797 776 2892 Exempli
791 2801 924 2893 gratia:
950 2801 1083 2894 sagitta
1098 2811 1163 2873 aut

107 2920 287 3017 spiculum
316 2917 422 2991 simul
452 2927 490 2990 et
519 2916 778 3012 progrediendo
807 2922 912 3000 rotat,
941 2925 980 2986 et
1012 2919 1162 2989 rotando

107 3039 343 3135 progreditur.
395 3034 569 3108 Similiter
591 3044 629 3107 ct
651 3043 771 3104 motus
788 3030 913 3104 caloris
929 3032 1035 3104 simul
1052 3044 1107 3106 est
1124 3045 1163 3107 et

108 3155 333 3250 expansicus,
350 3162 389 3224 et
405 3152 491 3224 latio
509 3152 545 3221 iu
562 3172 713 3221 sursum.

158 3269 251 3342 Haec
281 3290 366 3339 vero
395 3264 591 3364 dffrentio
623 3264 825 3335 ostenditur
858 3266 894 3335 in
925 3264 1070 3358 forcipe,
1099 3277 1164 3339 aut

106 3385 238 3461 bacillo
261 3384 375 3456 ferreo
397 3384 554 3454 immisso
577 3383 774 3475 inignem:
800 3381 885 3472 quia
900 3381 929 3450 si
947 3380 1164 3453 immittatur

108 3500 458 3600 perpendiculariter,
494 3499 649 3571 tenendo
691 3518 837 3566 manum
880 3497 1050 3586 superius,
1090 3499 1162 3568 cito

109 3641 260 3694 manum
288 3618 430 3701 adurit3
459 3617 512 3688 sin
539 3638 585 3686 ex
612 3615 723 3686 latere
748 3620 811 3683 aut
837 3611 993 3695 inferius,
1016 3616 1162 3687 omniuo

105 3737 253 3811 tardius.

161 3852 365 3944 Conspicua
381 3851 492 3921 etiam
509 3858 564 3920 est
586 3848 622 3918 in
639 3841 921 3918 dratillatiooibus
938 3867 1001 3939 per
1017 3848 1164 3919 descen·

106 3966 297 4055 sorium³⁴;
323 3966 450 4061 quibus
468 3974 618 4037 utuntur
637 3964 799 4035 homines
815 3962 861 4033 ad
879 3960 982 4034 flores
1006 3963 1164 4036 delicati·

101 4141 117 4182 Ὀ
136 4141 211 4197 litat
228 4138 258 4193 in
274 4137 347 4193 itaell
359 4136 408 4192 has
426 4154 462 4190 no
480 4135 591 4208 upward
631 4134 752 4207 particles
764 4133 821 4205 do).
1203 4179 1205 4184 .

101 4219 190 4291 dency
196 4240 206 4284 ς
225 4218 268 4272 ior
279 4215 385 4287 though
399 4214 494 4271 heated
510 4216 590 4286 parti-
666 4213 693 4253 ⁸⁴
713 4213 731 4266 i.
744 4230 767 4267 e.
788 4212 835 4268 tire
852 4212 876 4267 is
896 4210 997 4284 lightcd
1015 4212 1100 4269 above
1117 4214 1164 4270 the

101 4297 195 4363 triac,
214 4295 270 4352 tuis
293 4295 317 4349 is
341 4296 439 4366 merely
459 4312 475 4348 a
497 4311 591 4349 conse·
631 4293 743 4355 donans,
759 4291 812 4346 and
831 4309 862 4347 so
880 4290 928 4346 the
944 4291 1016 4348 Haut
1032 4291 1163 4349 ducenda

101 4395 160 4434 mos
178 4376 211 4432 oi
228 4376 299 4430 their
315 4374 461 4445 expansion
479 4373 508 4444 (i.
521 4391 544 4428 c.
563 4373 594 4428 ol
632 4381 659 4426 to
678 4371 760 4425 them.
796 4369 855 4424 The
870 4369 995 4443 ordinary
1010 4371 1120 4426 method
1135 4371 1167 4428 ot

101 4459 125 4514 ir
144 4454 300 4528 occupying
319 4470 393 4508 more
417 4469 502 4524 space,
524 4453 590 4507 rela-
632 4449 1015 4506 &commonuimus
1033 4447 1079 4504 the
1097 4449 1163 4505 sub-

100 4538 138 4610 cly
159 4545 189 4593 to
208 4533 280 4590 their
297 4531 410 4604 dcusdy,
429 4531 494 4586 thau
515 4529 592 4586 other
632 4540 722 4586 runco
736 4529 763 4584 iu
776 4538 926 4584 awaoeror
942 4527 1096 4594 rand-bath,
1109 4526 1163 4584 and

684 4642 707 4691 0
