2708 5226
132 496 199 560 828
461 496 632 562 NOVUM
652 480 903 562 olteANUM'.

132 669 240 733 stent.
292 660 458 756 Denique
473 663 512 733 in
531 661 617 755 ipais
638 661 845 732 matricibus
862 669 981 743 terrae,
1000 660 1047 730 iis
1063 658 1221 739 nimirum,

133 778 172 849 in
188 777 318 872 quibua
334 777 481 851 metulla
504 786 543 849 et
566 777 699 850 fossilis
723 776 967 860 efformantur,
986 775 1109 848 locum
1132 775 1224 845 habet

133 903 174 967 et
190 895 288 988 viget
305 895 373 967 ista
394 894 624 988 inequalitas.
676 893 759 978 Quo
783 894 897 988 mugio
921 892 1088 964 notanda
1110 899 1163 960 est
1183 891 1227 959 in-

134 1011 237 1083 seitia
257 1010 457 1105 aliquorum
478 1010 767 1083 alehemistarum
791 1032 839 1081 ex
860 1008 1080 1091 reformatis,
1098 1007 1158 1100 qui
1175 1029 1228 1099 pst

134 1127 268 1200 eslores
296 1127 486 1221 oequebiles
514 1126 728 1220 lumpadum,
757 1134 796 1197 et
821 1124 1042 1218 hujusmodi,
1071 1134 1231 1218 perpetuo

135 1267 208 1316 uno
224 1251 349 1316 tenore
364 1243 577 1326 ardentium,
595 1266 634 1316 se
649 1244 723 1314 voti
749 1250 934 1336 compotes
956 1240 1038 1312 fore
1062 1241 1233 1312 existima

135 1369 230 1431 runt
279 1356 405 1453 Atque
421 1361 468 1431 (le
483 1359 631 1453 opificiis
647 1367 687 1430 et
703 1358 889 1430 effectibus
905 1355 1038 1428 caloris
1054 1356 1134 1426 hee
1150 1355 1235 1426 diets

136 1475 217 1546 sint.
269 1472 403 1569 Neque
424 1496 508 1546 vero
531 1475 783 1567 tempestivum
810 1481 865 1545 est
888 1471 953 1543 illa
979 1473 1129 1565 penitus
1151 1494 1236 1543 seru-

135 1590 214 1673 tari,
231 1598 422 1683 antequam
445 1613 565 1661 rernm
582 1589 704 1660 lormae
727 1600 766 1661 et
788 1610 979 1682 eorpornm
1001 1588 1235 1659 schematismi

135 1702 285 1777 ulterius
300 1706 503 1801 investigati
518 1706 660 1787 fuerint,
674 1707 763 1777 etin
777 1704 893 1776 lueem
911 1704 1131 1796 prodierint
1155 1704 1237 1775 'llum

135 1821 232 1892 enim
248 1822 438 1912 querende
454 1830 492 1894 et
514 1823 741 1915 edopemnde
764 1831 802 1893 et
823 1820 982 1914 aptanda
1005 1829 1097 1892 sunt
1119 1823 1239 1892 instru-

135 1946 269 2023 menta,
286 1941 429 2032 quando
445 1941 491 2014 de
507 1941 771 2033 exemplaribus
788 1939 1004 2010 eonstiterit.

186 2052 252 2145 (4.)
278 2054 436 2141 Quartus
465 2057 593 2128 modus
621 2057 791 2150 operandi
820 2063 875 2128 est
902 2076 969 2148 per
1001 2076 1155 2141 moram,
1172 2079 1240 2150 que

135 2179 234 2242 eerte
255 2180 296 2242 et
318 2194 462 2265 promus
478 2181 517 2244 et
539 2172 674 2244 condus
699 2180 834 2244 nuturae
850 2181 915 2252 est,
933 2178 975 2241 et
992 2173 1163 2264 quaedam
1178 2173 1241 2243 ‹lis-

136 2288 328 2379 pensatrix.
380 2287 524 2360 Moram
557 2287 789 2381 appellamus,
818 2309 899 2358 eum
934 2309 1069 2381 eorpus
1104 2289 1240 2382 aliquod

136 2401 204 2474 sibi
222 2403 443 2495 permittitur
466 2404 512 2475 ed
538 2412 681 2496 tempus
705 2403 872 2485 notabile,
889 2404 1079 2476 munitum
1104 2407 1241 2478 interim

136 2527 176 2590 et
200 2517 386 2588 defensum
414 2519 458 2589 ab
484 2519 606 2611 aliqua
620 2520 655 2588 vi
681 2530 838 2590 externa.
888 2517 982 2589 Tum
1002 2520 1105 2590 enim
1131 2530 1242 2592 motus

137 2633 298 2703 intestini
322 2655 360 2703 se
383 2635 537 2725 produnt
560 2645 599 2705 et
620 2636 822 2728 perficiunt,
840 2656 921 2705 eum
941 2644 1067 2708 motus
1086 2638 1240 2708 extranei

138 2757 177 2820 et
192 2748 379 2819 adventitii
401 2760 550 2821 cessant.
603 2752 722 2842 Opera
744 2761 866 2822 autem
890 2751 1007 2821 aetatis
1032 2762 1119 2824 sunt
1143 2754 1241 2846 longe

138 2862 322 2934 subtiliora
348 2885 457 2954 quam
483 2865 585 2956 ignis.
640 2865 771 2959 Neque
799 2868 893 2938 enim
920 2868 1035 2958 possit
1061 2868 1140 2938 fieri
1167 2867 1242 2938 talis

138 2978 342 3051 clarificatio
356 2980 428 3048 vini
447 3002 510 3071 per
527 2982 656 3073 ignem,
671 2984 786 3074 qualis
803 2982 844 3052 fit
861 3005 926 3074 per
942 3005 1104 3067 moram;
1131 3007 1241 3076 neque

139 3096 248 3168 etiam
278 3096 552 3167 incinerationea
582 3120 645 3189 per
675 3099 796 3192 ignem
830 3108 905 3168 tam
938 3107 1026 3169 sunt
1060 3101 1242 3194 exquisite

140 3235 247 3306 quam
272 3211 505 3285 resolutiones
530 3223 569 3285 et
593 3216 880 3307 consumptiones
907 3238 972 3306 per
995 3216 1137 3287 saeeula.
1189 3215 1243 3285 In-

140 3330 402 3423 corporationes
425 3330 533 3400 etiam
555 3340 594 3401 et
615 3332 799 3403 mistiones
820 3331 947 3401 subitae
964 3340 1003 3402 et
1021 3333 1243 3425 praecipitate

140 3447 350 3541 perignem
379 3446 487 3540 longe
516 3447 700 3518 inferiores
729 3456 812 3518 sunt
841 3446 924 3528 illis,
951 3469 1032 3538 quae
1061 3448 1155 3519 liunt
1184 3471 1244 3541 per

140 3585 287 3635 moram.
339 3558 394 3631 At
428 3562 652 3633 dissimilares
685 3572 724 3632 et
753 3563 838 3633 varii
873 3562 1129 3647 schematismi‚
1160 3585 1243 3656 quos

142 3700 288 3770 corpora
305 3701 368 3769 per
384 3700 499 3748 moras
517 3686 671 3761 tentant,
688 3677 824 3769 (quales
841 3686 925 3748 sunt
941 3681 1167 3772 putredines)
1186 3702 1243 3773 per

142 3793 262 3886 ignem
280 3801 343 3861 aut
360 3792 514 3863 calorem
532 3793 835 3865 vehementiorem
853 3794 1098 3864 destruuntur.
1151 3792 1243 3864 Illud

142 3908 286 3979 interim
320 3929 389 3975 non
425 3909 489 3978 abs
523 3932 561 3980 re
594 3909 701 3981 fuerit
735 3919 877 3993 notare3
904 3918 1025 3981 motus
1060 3936 1243 4006 corporum

144 4021 286 4114 penitus
303 4020 550 4093 conclusorum
567 4024 697 4096 habere
717 4024 878 4095 nonnihil
902 4049 949 4097 ex
966 4028 1138 4099 violento.
1190 4028 1245 4098 In·

144 4137 336 4207 eareeratio
353 4137 448 4207 enim
466 4138 528 4209 illa
543 4139 694 4232 impedit
711 4151 829 4212 motus
851 4150 1067 4235 spontaneos
1085 4147 1245 4239 eorporis.

146 4251 276 4344 Itaque
298 4274 398 4323 mora
420 4253 456 4324 in
475 4276 556 4326 vase
573 4265 697 4348 aperto
714 4256 794 4350 plus
810 4258 896 4328 facit
917 4258 964 4329 ad
988 4266 1247 4353 separationes;

146 4371 184 4439 in
202 4390 283 4440 vase
309 4370 450 4461 penitus
475 4371 593 4443 clauso
619 4374 664 4443 ad
690 4375 973 4459 commistiones3
1001 4380 1141 4452 invase
1165 4403 1248 4451 non·

147 4485 236 4556 nihil
264 4484 392 4568 clauso,
420 4487 482 4558 sed
512 4490 734 4562 subintrante
761 4493 851 4575 aere,
879 4491 925 4561 ad
956 4497 1245 4586 putrefactiones.
