2708 5226
469 545 558 610 LIB.
581 546 609 610 1.
630 565 765 626 14-20.
1130 549 1170 612 la

547 726 678 800 XVII.

104 844 192 916 Nec
220 845 340 913 minor
364 855 418 915 est
444 844 554 914 libido
579 855 618 915 et
643 845 818 916 aberratio
844 846 881 916 in
908 848 1167 918 constituendis

52 961 313 1044 axiomatibus,
336 984 441 1053 quam
467 963 505 1031 in
530 962 733 1033 notionibus
759 962 1024 1046 abstrahendis3
1057 964 1167 1057 idque

55 1079 92 1148 iu
114 1079 205 1170 ipsis
226 1079 417 1170 principiis,
434 1101 516 1170 quae
538 1078 585 1148 ab
608 1078 815 1149 inductione
839 1079 972 1174 vulgari
996 1081 1165 1172 pendent.

56 1193 111 1264 At
135 1194 258 1264 multo
281 1196 391 1287 major
413 1204 468 1264 est
490 1195 527 1263 in
550 1194 799 1278 axiomatibus,
816 1207 855 1266 et
871 1196 1165 1289 propositionibus

57 1310 297 1392 inferioribus,
315 1334 392 1403 quae
408 1311 529 1394 educit
546 1310 779 1406 syllogismus.

540 1480 690 1552 XVIII.

109 1579 201 1666 Quae
227 1581 345 1652 adhuc
370 1583 516 1653 inventa
541 1594 624 1653 sunt
649 1583 685 1651 in
712 1582 879 1665 scientiis,
900 1606 943 1654 ea
966 1583 1164 1675 hujusmodi

59 1708 153 1780 sunt,
173 1709 216 1766 ut
234 1698 436 1769 notionibus
456 1698 655 1793 vulgaribus
674 1699 748 1770 fere
771 1699 995 1791 subjaceant:
1023 1710 1064 1770 ut
1081 1722 1164 1769 vero

60 1813 102 1884 ad
131 1814 305 1884 interiora
331 1825 368 1884 et
397 1816 585 1886 remotiora
611 1825 750 1886 naturae
779 1827 994 1908 penetretur,
1021 1838 1165 1887 necesse

61 1941 113 2002 est
144 1940 188 2000 ut
220 1939 293 2000 tam
325 1931 488 2000 notiones
517 1955 622 2023 quam
651 1933 830 2003 axiomata
859 1934 972 2025 magis
1000 1942 1097 2002 certa
1126 1945 1165 2004 et

59 2048 202 2116 munita
228 2046 283 2115 via
304 2069 325 2115 a
348 2046 452 2116 rebus
475 2047 733 2129 abstrahantur,
752 2059 860 2139 atque
877 2049 1022 2118 omnino
1040 2048 1166 2118 melior

60 2175 97 2234 et
112 2164 249 2234 certior
264 2161 468 2233 intellectus
485 2163 688 2256 adoperatio
706 2165 741 2232 in
761 2187 864 2233 usum
885 2165 1011 2233 veniat.

109 2435 208 2506 Duae
233 2436 300 2504 viae
322 2444 416 2514 sunt,
435 2447 543 2528 atque
557 2333 827 2526 ξεῐεξροεειιιιῐ,
849 2434 892 2504 ad
917 2433 1162 2526 inquirendam

61 2563 98 2622 et
116 2551 367 2622 inveniendam
389 2553 585 2623 veritatem.
637 2549 765 2622 Altera
781 2575 803 2620 a
822 2573 927 2621 sensu
950 2559 990 2621 et
1014 2551 1165 2642 particu-

63 2667 195 2739 laribus
221 2667 365 2739 advolat
389 2668 434 2737 ad
460 2670 639 2738 axiomata
664 2669 820 2738 maxime
845 2667 1034 2762 generalia,
1057 2676 1164 2762 atque

63 2808 106 2855 ex
133 2785 177 2856 iis
203 2784 384 2877 principiis
409 2807 604 2877 eorumque
628 2785 776 2855 immota
796 2787 944 2856 veritate
961 2785 1102 2878 judicat
1127 2795 1166 2857 et

62 2902 201 2973 invenit
227 2901 407 2970 axiomata
432 2901 568 2986 media3
598 2911 707 2992 atque
733 2901 806 2970 haec
830 2903 885 2970 via
908 2903 943 2970 in
969 2924 1034 2970 usu
1061 2912 1116 2971 est
1128 2898 1165 2970 ¹⁶.

62 3015 193 3089 Altera
227 3040 250 3087 a
282 3039 386 3087 sensu
421 3026 459 3087 et
498 3015 767 3108 particularibus
803 3018 937 3087 excitat
973 3019 1164 3100 axiomata,

61 3133 288 3206 ascendendo
318 3134 544 3205 continenter
572 3143 609 3204 et
638 3134 826 3227 gradatim,
857 3145 897 3203 ut
927 3134 1055 3204 ultimo
1086 3135 1165 3205 loco

63 3250 294 3342 perveniatur
316 3250 360 3320 ad
389 3251 544 3320 maximo
571 3249 770 3344 generalia;
806 3273 883 3342 quae
910 3252 966 3320 via
992 3274 1073 3322 vcra
1099 3261 1163 3333 cst,

63 3367 124 3437 sed
144 3368 331 3437 intentata.

571 3465 660 3536 XX.

115 3580 279 3653 Eandem
297 3583 493 3677 ingreditur
506 3583 598 3653 viam
611 3584 776 3676 (priorem
795 3583 946 3672 scilicet)
960 3581 1165 3653 intellectus

63 3701 129 3769 sibi
147 3699 349 3792 permissus,
363 3721 469 3789 quam
488 3699 574 3769 facit
590 3723 635 3769 ex
654 3701 777 3770 ordine
795 3699 999 3769 dialectica.
1046 3699 1167 3771 Gestit

63 3817 159 3886 enim
181 3835 280 3885 mens
297 3813 440 3885 exsilite
456 3814 500 3884 ad
519 3816 630 3908 magis
646 3815 836 3909 generalia,
851 3827 892 3885 ut
909 3818 1109 3908 acquiescat
1123 3812 1166 3902 ¹⁷3

100 4030 126 4070 ¹⁶
143 4030 188 4087 Gi.
202 4029 224 4084 I.
239 4046 281 4085 22.
294 4029 347 4084 and
363 4045 421 4096 ¹0⁴·
457 4028 515 4083 'l'lrc
530 4046 594 4083 con·
634 4046 664 4083 as
682 4046 733 4084 oue
751 4031 781 4084 ol
796 4029 840 4085 the
860 4030 987 4087 instincta
1006 4032 1036 4087 oi
1056 4033 1165 4087 Humac

63 4118 131 4164 tract
145 4109 264 4164 betwcm
279 4106 325 4163 the
339 4117 393 4162 two
408 4109 431 4162 is
445 4107 595 4162 drawnout
636 4107 746 4162 Nature.
784 4108 809 4162 It
823 4109 909 4164 shows
925 4110 998 4165 itseli
1013 4112 1040 4165 in
1054 4111 1166 4173 Morals,

64 4185 364 4242 iuthclattcroithase
376 4184 542 4256 Aphorisms.
637 4183 753 4246 Politice,
775 4185 904 4256 Religion,
926 4205 954 4241 as
979 4187 1061 4242 much
1085 4205 1113 4241 as
1138 4189 1166 4242 in

103 4265 126 4307 ¹⁷
142 4265 393 4337 “utaequiescat.”
423 4265 594 4335 'l'bisycarn-
635 4261 711 4316 other
731 4262 856 4334 subjecte.
897 4263 923 4319 It
941 4266 1023 4320 erices
1043 4267 1071 4319 in
1092 4276 1167 4335 great

64 4345 111 4416 ing
128 4345 197 4399 alter
214 4360 249 4397 au
266 4341 404 4411 ἐπιστήμη,
416 4361 432 4397 a
443 4341 595 4412 something
636 4350 695 4411 part
710 4341 777 4396 Irom
794 4360 845 4396 our
860 4342 914 4396 sear
929 4343 959 4396 ol
974 4361 1024 4398 our
1040 4361 1099 4396 own
1114 4342 1166 4396 Rc·

66 4422 172 4479 definitc
190 4420 243 4475 and
262 4421 412 4476 conclusive
427 4423 455 4476 in
468 4420 595 4475 whicbto
637 4419 813 4491 sponsibility,
837 4421 891 4475 and
920 4422 951 4475 ol
978 4422 1022 4475 the
1048 4420 1114 4490 duty
1138 4421 1169 4474 ol'

66 4499 304 4569 catachrinlring
315 4497 596 4562 lromtbeindefiuitc,
633 4498 749 4570 judging
765 4498 806 4552 ior
823 4502 966 4554 ouraclvcs.
1005 4499 1029 4552 lt
1047 4497 1119 4551 leads
1137 4500 1167 4552 ia

67 4579 117 4634 md
126 4596 222 4651 prayer
230 4577 365 4639 forante,
373 4595 432 4650 may
441 4578 475 4633 be
483 4576 596 4630 counted
639 4574 750 4647 Physica
762 4585 789 4628 to
802 4575 879 4647 hasty
891 4576 1024 4647 dogmatic
1038 4575 1167 4644 generali-
