2708 5226
214 552 281 618 27⁰
547 552 720 618 NOVUM
743 548 997 619 ORGANUM.

215 719 310 789 cimo
332 725 459 787 octavo
482 715 667 788 inamntioe
691 717 759 789 oica
770 742 783 797 ,·
808 738 896 810 quaa
920 717 1035 788 atium
1061 714 1246 787 asanaa
1264 715 1307 788 ta

216 843 383 914 amantea,
415 842 447 905 et
476 834 662 906 instantiae
694 831 897 906 articulatas
928 833 1117 928 appellare
1147 835 1311 907 comsi-

214 947 340 1023 mus⁴⁶.
393 949 455 1021 Eae
472 959 565 1035 sunt,
583 973 662 1044 qua
678 952 838 1023 iudicant
853 960 993 1022 nature
1009 959 1136 1023 motus
1152 952 1310 1047 gmhtin

215 1072 451 1142 continuatos.
513 1068 597 1140 Hoc
625 1078 746 1140 autem
776 1089 891 1163 genus
920 1069 1180 1140 incanum
1211 1071 1311 1163 potius

215 1186 309 1283 fugit
337 1187 631 1270 observationem,
658 1207 764 1278 quam
795 1202 948 1256 seumm.
1015 1183 1121 1256 Mira
1146 1186 1244 1258 euin
1269 1196 1312 1258 est

215 1303 402 1374 hominum
419 1304 513 1374 circa
528 1302 622 1373 hano
636 1322 712 1372 rem
730 1300 968 1394 indiligentia.
1022 1301 1313 1397 contemplantur

215 1421 392 1514 siquidem
409 1429 572 1491 naturam
588 1419 837 1490 tautummodo
859 1417 1058 1490 desultoria
1076 1428 1118 1491 et
1133 1442 1203 1514 per
1216 1421 1313 1514 perio·

216 1538 288 1620 dos,
306 1547 345 1608 et
362 1547 549 1630 postquam
565 1557 713 1628 corpora
735 1535 869 1606 fuerint
884 1534 1052 1607 absoluta
1068 1559 1118 1608 ae
1137 1537 1312 1632 oomphtr,

215 1664 254 1724 et
270 1676 341 1723 non
359 1656 396 1723 in
414 1653 618 1746 operatione
638 1673 711 1723 suu
762 1650 915 1735 Quodsi
935 1651 1086 1724 artificia
1105 1653 1313 1748 alioujnain·

215 1771 320 1863 genia
342 1778 380 1839 et
403 1768 610 1840 industriam
629 1767 814 1862 explorare
836 1777 876 1839 et
891 1768 1133 1863 contemplari
1160 1772 1241 1864 quis
1262 1794 1312 1842 en

215 1892 327 1978 peret,
344 1886 374 1955 is
394 1906 465 1953 non
484 1893 625 1955 tuntum
641 1886 808 1956 mutarim
823 1886 930 1958 rudes
945 1887 1047 1968 artis,
1061 1896 1178 1981 atque
1197 1887 1312 1960 deinde

215 2022 322 2093 opera
339 2001 504 2092 perlecta,
522 2001 724 2094 conspicere
747 2001 985 2088 desiderarem
1011 2005 1077 2077 sed
1095 2007 1219 2099 potius
1235 2029 1311 2100 pra

214 2138 295 2189 sens
312 2139 398 2201 esse,
409 2140 491 2188 cum
508 2118 638 2189 artifex
654 2128 822 2212 operatur
837 2127 876 2189 et
892 2140 984 2212 opus
999 2142 1109 2192 auum
1129 2131 1310 2216 promorat

214 2232 340 2327 Atque
369 2234 485 2305 simile
514 2235 683 2326 quiddam
715 2235 808 2307 circa
833 2244 999 2307 naturam
1026 2237 1233 2311 laciandrm
1256 2248 1310 2311 αι

214 2347 381 2443 Exempli
406 2350 543 2444 gratia3
569 2350 598 2421 si
621 2353 701 2443 quis
724 2352 770 2422 de
785 2353 1014 2447 vegetatione
1039 2353 1246 2447 pluiturum
1267 2357 1311 2425 iu

214 2467 342 2558 quirat,
361 2467 393 2536 ei
412 2466 670 2557 inspiciendum
689 2475 743 2538 est
767 2467 812 2538 ab
835 2468 911 2562 ipsa
926 2471 1068 2542 satione
1092 2473 1239 2544 seminis
1259 2470 1312 2543 eli

213 2584 324 2674 cujus,
344 2583 395 2676 (id
414 2581 508 2673 quod
527 2605 591 2674 per
606 2587 876 2665 extructionem,
894 2588 995 2676 quasi
1014 2588 1171 2683 singolis
1187 2589 1310 2667 diebus,

213 2700 399 2783 seminum,
427 2722 504 2791 qnae
534 2721 598 2790 per
628 2700 788 2783 biduum,
815 2703 987 2786 triduum,
1014 2706 1256 2796 quatriduum,
1279 2716 1311 2775 et

213 2818 263 2888 sio
287 2817 455 2909 deinceps
477 2817 513 2885 iu
535 2826 629 2887 terra
652 2827 869 2902 manserunt,
886 2841 1085 2914 eorumque
1111 2823 1310 2918 diligentem

213 2935 397 3017 intuitum,
415 2933 518 3004 facile
534 2934 610 3003 fieri
630 2939 762 3026 potest)
779 2937 958 3028 quomodo
980 2946 1020 3009 et
1037 2941 1184 3031 quando
1201 2963 1310 3013 samm

213 3051 448 3120 intumescere
479 3060 516 3119 et
547 3059 689 3143 turgere
714 3052 870 3143 incipiat,
898 3062 935 3122 et
956 3053 1073 3125 veluti
1100 3059 1228 3148 spiritu
1255 3058 1311 3126 im

212 3165 326 3259 pleri;
352 3167 480 3238 deiude
507 3168 685 3259 quomodo
710 3168 917 3239 curticulam
943 3193 1125 3264 rumpere,
1151 3183 1192 3244 et
1217 3175 1310 3243 emit

213 3294 290 3355 tere
317 3284 430 3366 libras,
449 3306 531 3352 cum
560 3282 692 3354 latione
718 3283 888 3355 nonnulla
912 3287 966 3355 sui
993 3288 1141 3359 iuterim
1172 3312 1311 3370 sursum,

213 3401 278 3472 nisi
303 3411 397 3471 terra
421 3401 529 3468 fuerit
552 3399 745 3470 admodum
763 3412 979 3486 contumax3
1006 3406 1193 3496 quomodo
1214 3409 1311 3477 etiam

214 3521 357 3589 emittat
380 3518 495 3599 fibras,
514 3517 641 3608 partim
669 3516 839 3588 radiculas
863 3518 1039 3602 deorsum,
1058 3525 1192 3615 partim
1215 3522 1312 3595 cauli·

213 3636 348 3707 culares
370 3658 519 3713 sursum,
537 3632 728 3724 aliquando
745 3635 918 3726 serpendo
936 3658 1000 3726 per
1024 3635 1147 3720 latera,
1167 3642 1197 3710 si
1217 3663 1262 3711 ex
1276 3661 1312 3709 es

212 3764 313 3845 purte
344 3753 501 3820 inveniat
533 3758 663 3820 terram
692 3763 852 3843 apertam
884 3761 921 3821 et
952 3755 1067 3846 magis
1098 3756 1252 3838 facilem,
1280 3765 1312 3827 et

213 3868 397 3960 complura
419 3869 455 3936 id
473 3889 597 3960 genus.
648 3865 822 3936 Similiter
839 3866 955 3937 facere
978 3879 1126 3961 oportet
1147 3873 1241 3945 circa
1257 3895 1313 3944 ex·

213 3983 406 4056 elusionem
424 4006 593 4068 ovorum;
622 3981 680 4051 ubi
704 3980 808 4051 facile
833 3985 989 4076 conspici
1015 3985 1163 4058 dabitur
1182 4011 1313 4084 prooes-

212 4123 271 4170 sus
299 4100 499 4169 vivificandi
526 4107 564 4168 et
590 4098 828 4191 organizandi,
854 4102 1002 4193 etquid
1029 4113 1068 4175 et
1094 4129 1178 4198 quae
1205 4116 1313 4201 partes

247 4289 273 4328 ⁴⁰
286 4288 369 4342 What
381 4288 428 4342 has
442 4288 508 4342 been
521 4288 578 4343 said
590 4289 620 4343 ol
627 4289 743 4359 Miprut·
784 4290 969 4344 instrumental
982 4300 1010 4346 to
1022 4291 1117 4349 adriae
1133 4295 1189 4351 and
1205 4295 1265 4368 help
1275 4293 1314 4349 rte

212 4371 257 4440 inq
269 4367 403 4422 laatuncea
415 4369 438 4421 is
450 4368 506 4421 also
518 4378 576 4422 true
592 4367 662 4422 here,
700 4366 743 4421 Cf.
785 4386 884 4423 musas.
923 4368 994 4424 Both
1013 4371 1045 4425 os
1059 4371 1136 4428 them
1153 4374 1238 4431 touch
1248 4390 1313 4446 upon

212 4466 301 4520 supra,
319 4448 356 4502 ll.
368 4463 410 4517 23.
452 4445 477 4500 lt
498 4449 520 4501 is
544 4446 612 4501 hard
635 4456 664 4501 to
688 4445 742 4501 dia·
785 4447 830 4502 the
843 4448 968 4518 province
980 4449 1012 4504 ol
1020 4448 1067 4505 the
1079 4451 1182 4508 Latent
1192 4454 1312 4511 noem.-

211 4526 332 4599 tinguish
350 4524 467 4580 between
484 4525 566 4589 them,
578 4536 672 4596 except
686 4525 744 4580 that
784 4543 814 4580 as
827 4526 918 4581 Bacou
934 4528 1026 4584 alim
1044 4537 1075 4586 ut
1087 4530 1136 4586 the
1151 4533 1207 4588 end
1223 4533 1254 4589 ol
1267 4531 1313 4586 ua

212 4607 286 4663 these
298 4606 433 4660 laataacer
445 4605 478 4671 os
486 4605 529 4658 tie
545 4604 610 4674 Way
623 4622 666 4658 ara
678 4605 742 4675 only
784 4604 939 4677 Aphorism.
