2708 5226
571 542 659 610 LIB.
683 545 796 612 11.12.
1168 543 1230 611 161

548 727 613 799 Ad
633 729 823 824 septicam

185 858 241 929 12
267 855 391 929 Omne
417 858 570 952 ignitum
596 862 647 932 ita
672 871 715 932 ut
741 871 900 934 vertatur
925 864 962 933 in
989 863 1154 935 ruborem
1183 865 1237 958 ig·

142 994 251 1059 neum,
268 975 380 1045 etiam
398 975 475 1045 sine
491 974 635 1048 flamma
650 989 823 1072 perpetuo
841 977 994 1049 calidum
1013 989 1091 1062 est;
1118 1004 1236 1073 neque

140 1087 215 1162 huic
243 1091 466 1185 affimativa
497 1092 724 1188 subJungitnr
756 1094 938 1192 nepotioo:
973 1096 1036 1166 sed
1067 1096 1163 1188 quod
1196 1097 1235 1167 in

137 1208 293 1298 proximo
310 1214 379 1289 ost,
400 1207 543 1277 videtur
558 1230 635 1279 esse
650 1209 789 1304 lignum
806 1221 932 1302 putre;
955 1209 1050 1301 quod
1068 1209 1235 1302 splendet

135 1333 252 1405 noan,
269 1343 391 1415 nequa
407 1331 527 1394 tamen
545 1323 825 1416 deprehenditur
838 1325 1006 1396 calidum:
1024 1334 1062 1395 et
1080 1347 1235 1417 muamus

133 1440 283 1532 piscium
300 1446 555 1532 putrescentes,
567 1462 646 1531 quse
663 1441 772 1511 etiam
790 1440 980 1533 splendent
996 1437 1149 1524 noctuffl,
1167 1463 1234 1512 nec

132 1553 365 1624 inveniuntur
388 1551 434 1621 ad
459 1560 597 1622 tectum
623 1552 772 1623 calidae:
812 1576 929 1645 neque
963 1553 1072 1624 etiam
1106 1576 1234 1647 corpus

130 1668 324 1752 sandeta,
349 1677 413 1740 aut
437 1691 577 1750 muscae,
603 1668 726 1762 (quam
754 1683 882 1743 vocant
907 1667 1123 1766 luoiolamffl)
1149 1672 1234 1743 cali-

130 1785 214 1857 dum
231 1785 280 1857 ad
299 1793 437 1857 tactum
454 1786 744 1880 deprehenditur.

559 1979 623 2079 Ad
646 1989 808 2054 octavam.

179 2117 241 2185 13.
267 2110 328 2184 De
354 2111 490 2186 balneis
517 2115 649 2194 calidis,
675 2116 713 2185 in
739 2138 810 2206 quo
840 2116 911 2185 situ
941 2124 981 2186 et
1010 2124 1137 2185 natura
1165 2116 1231 2187 soli

129 2251 298 2301 emanare
320 2228 470 2313 soleant,
491 2254 564 2300 non
587 2231 673 2301 satis
698 2231 885 2323 quaesitum
910 2240 986 2302 est:
1012 2231 1134 2323 itaque
1160 2254 1232 2304 non

128 2345 359 2441 subjungitur
374 2345 543 2443 negativo.

567 2484 631 2558 Ad
654 2508 792 2558 oenum

179 2623 240 2692 14.
268 2616 431 2712 Liquidis
455 2619 674 2690 ferventibus
700 2619 928 2715 subjungitur
944 2619 1102 2718 negativa
1119 2620 1231 2714 ipsius

130 2734 256 2829 liquidi
280 2744 407 2806 natura
432 2758 505 2806 sua
558 2734 713 2805 Nullum
735 2736 829 2805 enim
857 2737 1039 2807 invenitur
1054 2735 1230 2830 liquidum

129 2850 312 2945 tangibile,
329 2853 425 2944 qnod
451 2853 499 2922 sit
520 2852 556 2921 in
583 2861 710 2922 natura
730 2874 795 2922 sua
811 2861 850 2922 et
866 2863 1010 2924 maneat
1027 2863 1231 2925 constanter

128 2967 305 3050 calidum
329 2966 392 3039 sed
418 2968 705 3060 superinducitur
731 2968 776 3038 ad
800 2977 940 3063 tempus
965 2977 1108 3040 tantum
1124 2969 1229 3054 calor,

129 3093 171 3155 ut
186 3093 315 3155 natura
330 3083 495 3154 ascititia:
513 3083 602 3153 adeo
620 3096 662 3152 ut
675 3106 754 3175 quae
771 3094 950 3178 potestate
967 3097 1006 3156 et
1023 3088 1229 3178 operatione

128 3209 213 3272 suut
239 3199 397 3270 maxime
424 3199 549 3281 calida,
576 3208 618 3267 ut
643 3199 786 3290 spiritus
813 3201 896 3280 vini,
922 3200 1003 3270 olea
1028 3210 1227 3272 aromatum

128 3316 300 3399 chemica,
311 3316 420 3386 etiarn
434 3315 513 3387 olea
526 3313 656 3384 vitrioli
668 3323 706 3384 et
716 3313 902 3407 sulphuris,
914 3326 952 3384 et
969 3312 1137 3402 similiaffi,
1149 3340 1228 3407 quse

127 3434 345 3527 paulopost
373 3431 538 3514 adurunt,
566 3430 611 3500 ad
639 3429 794 3522 primum
824 3439 962 3499 tactum
990 3431 1062 3500 sint
1089 3432 1227 3525 frigida

126 3547 234 3643 Aqua
249 3558 372 3620 autem
390 3547 596 3618 balneorum
614 3544 840 3627 naturalium,
858 3554 1009 3637 excepta
1025 3546 1063 3615 in
1082 3569 1142 3616 vas
1163 3547 1234 3617 ali··

126 3665 234 3759 quod,
251 3673 291 3736 et
307 3671 468 3756 separata
484 3686 506 3733 a
522 3663 680 3733 fontibus
697 3661 779 3744 suis,
797 3661 1007 3731 defervescit
1021 3662 1167 3755 perinde
1184 3686 1226 3734 ac

125 3805 217 3876 aqna
234 3783 318 3876 igne
340 3778 521 3851 saleim
572 3776 624 3849 At
642 3801 766 3847 verum
783 3786 849 3860 est,
867 3800 1012 3870 corpora
1037 3778 1156 3850 oleoss
1180 3780 1225 3851 ad

125 3908 263 3971 tectum
280 3895 387 3991 paulo
405 3897 521 3965 minus
541 3917 617 3966 esse
634 3894 761 3988 frigida
778 3915 885 3986 quam
902 3915 1029 3986 aquea;
1047 3903 1089 3965 ut
1104 3893 1225 3966 oleum

124 4080 240 4152 munt
262 4092 295 4147 os
316 4091 346 4157 it,
365 4091 430 4146 with
457 4092 492 4146 its
519 4089 655 4161 supposed
696 4088 794 4161 firefly:
819 4094 837 4118 ‘⁴
852 4087 996 4144 Lucciola'’
1015 4090 1039 4144 is
1062 4091 1097 4146 its
1121 4103 1228 4162 present

123 4173 201 4229 effect
211 4189 250 4227 on
261 4170 416 4235 nathanis
428 4170 508 4242 given
519 4169 556 4242 by
564 4169 655 4224 Bucen
695 4187 781 4224 name.
827 4167 915 4223 'lhese
934 4169 990 4224 also
1007 4168 1068 4239 give
1085 4168 1129 4224 off
1143 4170 1227 4226 Phos-

122 4251 206 4307 inhis
219 4248 375 4321 Historyol
385 4248 492 4304 Wrnds.
694 4246 854 4319 phorescent
875 4243 953 4316 light
994 4245 1046 4301 For
1063 4248 1098 4303 its
1118 4265 1229 4305 manner

155 4328 180 4370 ⁸¹
194 4326 288 4384 Arises
299 4326 369 4382 hom
381 4325 426 4381 the
438 4326 654 4397 disangsgemcnt
695 4325 747 4380 and
768 4342 877 4396 process
895 4323 927 4378 of
945 4325 1172 4399 disengsgement,
1189 4347 1229 4383 we

121 4408 151 4465 of
160 4405 395 4479 Phosphorescent
412 4404 481 4477 light
498 4404 596 4476 during
608 4404 654 4459 ds·
694 4422 755 4476 may
767 4402 876 4460 referto
888 4411 951 4460 note
963 4419 1007 4477 59.

120 4484 311 4558 composition.
729 4481 755 4522 ω
774 4481 825 4537 See
837 4499 912 4553 supr.
927 4481 967 4540 ll,
978 4500 1019 4538 11.
1031 4484 1108 4553 (note
1119 4485 1177 4554 33.)

147 4564 176 4605 θ
186 4563 246 4619 'l'lsc
257 4563 425 4634 gloss-worm
436 4560 490 4616 sud
501 4560 547 4617 the
560 4561 653 4617 Italian

741 4671 771 4720 Μ
