2708 5226
126 590 191 654 152
450 589 624 654 NOVUM
646 587 895 654 ORGANUM.

201 751 286 823 licet
311 756 349 822 in
374 753 519 824 insectis
544 752 641 824 calor
666 754 712 824 ob
738 754 949 846 parvitatem
976 751 1129 844 corporis
1151 773 1207 820 nou

202 869 488 963 deprehendatur
503 870 550 940 ad
567 879 716 941 tactum.

129 992 188 1059 21.
215 985 339 1057 Fimua
368 987 526 1079 equinus,
553 997 592 1058 et
616 987 817 1080 hujusmodi
843 993 1075 1057 excrementa
1099 985 1212 1056 anima·

204 1102 293 1172 lium
311 1104 479 1173 recentia.

129 1225 190 1290 22.
216 1217 348 1289 Oleum
366 1219 459 1289 forte
480 1217 688 1313 sulphuris³¹
705 1230 744 1291 et
762 1220 892 1292 vitrioli
910 1220 1106 1313 exequitur
1125 1241 1216 1313 opera

205 1334 341 1416 caloris,
359 1337 398 1409 in
414 1335 527 1407 linteo
544 1336 739 1407 adurendo.

131 1458 190 1524 23.
221 1451 353 1523 Oleum
384 1451 560 1545 origaui³²,
591 1464 632 1523 et
661 1453 876 1546 hujusmodi,
906 1454 1101 1545 exequitur
1129 1473 1220 1544 opera

206 1569 332 1640 caloris
350 1571 387 1639 iu
405 1569 595 1641 adurendis
613 1570 751 1641 ossibus
768 1569 944 1641 dentium.

132 1691 193 1759 24.
219 1685 375 1778 Spiritus
400 1686 472 1756 vini
498 1686 599 1757 fortis
625 1696 663 1758 et
686 1686 776 1757 bene
802 1686 1020 1758 rectificatus
1045 1684 1225 1776 exequitur

207 1825 315 1895 opera
334 1801 479 1885 caloria;
504 1802 594 1873 adeo
612 1812 653 1873 ut
676 1805 705 1873 si
728 1802 897 1874 albumen
913 1803 973 1874 ovi
998 1802 1036 1872 in
1054 1824 1138 1874 enm
1158 1801 1225 1893 inji·

208 1919 331 1998 oiatur,
348 1926 552 1989 concrescat
576 1927 613 1990 et
635 1918 804 2001 albescat,
821 1918 896 1990 fere
918 1919 956 1988 iu
973 1919 1124 1989 modum
1139 1916 1228 1987 albu-

207 2033 314 2104 minis
334 2034 450 2119 cocti3
475 2035 578 2127 panis
600 2036 752 2127 injectus
775 2033 933 2105 torrebat
953 2043 992 2105 et
1012 2035 1228 2113 incrustetm‚

208 2150 255 2220 ad
272 2149 420 2219 modum
437 2149 538 2243 panis
554 2151 651 2221 tosti.

135 2271 195 2338 25.
220 2264 403 2349 Aromata,
418 2275 455 2337 et
471 2267 591 2338 herboe
608 2267 740 2351 calidae,
751 2275 793 2337 ut
810 2266 1086 2350 dracunculum,
1104 2274 1231 2336 nastur-

210 2385 302 2453 tium
331 2392 441 2465 vetus,
467 2380 533 2453 &c
563 2382 648 2454 licet
672 2383 718 2453 ad
748 2405 894 2453 manum
920 2405 992 2454 uon
1018 2383 1091 2454 sint
1117 2381 1230 2460 calida

211 2498 293 2587 (uec
323 2498 470 2592 integra,
499 2522 566 2570 nec
596 2499 759 2592 pulveres
785 2502 923 2590 eorum)
950 2509 1074 2570 tamen
1100 2500 1146 2570 ad
1175 2497 1233 2568 liu·

210 2637 319 2708 guam
340 2624 379 2685 et
397 2615 556 2707 palatum
574 2639 699 2708 parum
717 2618 903 2687 masticata
920 2618 1167 2710 percipiuntur
1186 2638 1234 2685 ca

212 2731 295 2811 lida,
313 2741 351 2800 et
372 2733 472 2822 quasi
492 2733 689 2803 adurentia.

139 2846 198 2919 26.
225 2846 382 2918 Acetum
400 2848 503 2932 forte,
522 2859 560 2918 et
583 2851 703 2920 omnia
720 2850 831 2932 acida,
849 2852 886 2919 in
907 2849 1069 2922 membro
1087 2848 1149 2919 ubi
1173 2870 1237 2918 nou

215 2965 261 3032 sit
286 2963 486 3055 epidermis‚
513 2965 616 3035 utin
643 2964 756 3046 ocule,
784 2963 915 3058 lingua,
942 2976 1006 3035 aut
1031 2963 1153 3057 aliqua
1176 2963 1238 3033 alia

215 3088 316 3171 parte
347 3078 543 3162 vulnerata,
573 3089 612 3150 et
641 3090 724 3152 cute
759 3081 912 3163 detecta,
942 3080 1103 3150 dolorem
1138 3083 1239 3158 cient,

216 3219 286 3265 nou
312 3194 467 3265 multum
496 3195 756 3288 discrepantem
781 3196 827 3266 ab
852 3219 905 3277 eo,
931 3196 993 3289 qui
1019 3196 1202 3266 inducitur
1223 3216 1241 3263 a

217 3313 343 3384 calido.

143 3433 203 3507 27.
231 3429 350 3500 Etiam
382 3429 512 3522 frigora
540 3429 634 3499 acria
664 3437 702 3499 et
731 3430 871 3499 intensa
899 3429 1077 3501 inducunt
1106 3451 1243 3500 sensum

219 3547 397 3639 quendam
416 3543 617 3628 ustionis³⁴3

179 3763 202 3803 ³¹
224 3769 242 3793 ‘⁴
250 3763 349 3818 Oleum
361 3763 498 3834 sulphuris
511 3762 677 3817 etvitrioli.”
763 3760 790 3799 ³³
822 3761 1018 3816 Dracunculus.
1077 3759 1248 3818 “Artemisia

146 3841 188 3913 By
208 3841 283 3896 these
307 3850 360 3894 two
384 3859 475 3896 names
501 3840 593 3895 Bacon
616 3859 677 3911 pro·
720 3839 821 3894 Drac.”
857 3840 888 3893 oi
921 3839 1058 3893 linnoeus.
1121 3838 1248 3894 Herschel

144 3921 226 3991 bably
245 3937 336 3974 mearrs
361 3918 406 3973 the
428 3938 500 3974 same
518 3920 605 3991 thing,
627 3920 677 3974 viu.
719 3918 878 3985 (Discourse
901 3935 938 3973 on
962 3917 1026 3971 Nat.
1053 3917 1123 3972 Phil.
1149 3918 1248 3989 §345.)

147 3999 292 4070 Sulphuric
304 3997 383 4061 Acid,
396 3997 483 4052 which
495 4000 518 4052 is
530 4017 565 4052 au
577 3999 679 4053 eil-like
720 3997 809 4066 points
830 4006 878 4050 out
898 3996 945 4051 tha
966 3995 1109 4051 confusion
1129 3998 1159 4051 in
1179 3997 1249 4051 thess

146 4077 222 4142 fluid,
236 4076 298 4141 and,
312 4076 389 4130 when
406 4076 495 4131 mixed
511 4076 574 4132 with
590 4087 679 4141 water,
721 4073 859 4130 instances
884 4074 996 4144 (aa-25)
1016 4074 1137 4130 between
1162 4074 1249 4145 things

147 4155 279 4227 produces
291 4155 473 4210 considerable
485 4156 554 4210 hcet.
720 4155 802 4224 really
812 4154 868 4218 hot,
881 4154 936 4208 and
952 4153 1029 4208 those
1041 4153 1157 4208 “which
1171 4155 1251 4208 excito

182 4234 209 4275 ⁸²
226 4234 492 4305 “Oleumorigaui.”
526 4235 680 4289 Theessen·
721 4229 1254 4304 inourorgans,audchieflyiuthatol

148 4316 199 4370 ticl
215 4315 266 4368 os'ls
281 4313 312 4367 oi
321 4313 457 4383 vegetable
475 4314 684 4378 substances,oi
721 4320 799 4376 laste,
822 4329 839 4366 a
862 4311 996 4366 sensation
1020 4310 1051 4365 oi
1072 4310 1144 4376 hest,
1167 4309 1252 4366 which

148 4392 237 4448 which
252 4391 306 4446 this
321 4392 366 4446 Oil
381 4393 415 4461 os
422 4392 570 4461 Mcrjorcsr
585 4393 608 4447 is
621 4410 680 4456 one,
722 4389 785 4461 they
804 4408 861 4444 owe
880 4400 908 4445 to
928 4389 997 4444 their
1017 4389 1099 4461 being
1119 4389 1253 4444 Chucsl

149 4491 194 4528 ere
213 4469 287 4526 acrid
311 4471 365 4524 and
383 4471 491 4534 caustic,
511 4471 566 4525 and
582 4470 682 4541 reedily
722 4469 883 4532 stimulante,
900 4468 954 4523 and
972 4477 1020 4522 not
1039 4477 1067 4523 at
1084 4469 1121 4523 all
1141 4479 1171 4525 to
1189 4469 1254 4525 their

149 4549 328 4607 combustible
356 4567 393 4604 on
418 4548 463 4604 the
492 4549 625 4620 approach
654 4547 685 4605 of
722 4547 1018 4619 beingactuullyhot.”

150 4630 267 4701 buruiug
279 4627 382 4684 bodies.
758 4626 784 4666 ³⁴
801 4627 827 4680 Α
847 4627 961 4683 mistale
984 4627 1135 4698 emlogous
1156 4633 1189 4684 to
1211 4626 1254 4681 the
