2708 5226
532 552 621 618 IrIB.
637 554 666 619 1.
680 575 823 643 90—92.
1190 560 1234 624 89

120 717 319 791 secundnm
336 723 477 787 rectam
493 718 666 791 rationem
680 743 736 792 res
753 721 804 791 ita
821 743 859 792 se
876 720 995 804 habet,
1007 723 1069 794 sed
1087 724 1232 795 interim

119 837 266 907 nonita
289 834 455 905 vivitur:
480 834 540 906 sed
564 837 644 920 ista,
669 860 777 929 quarn
802 838 968 920 diximus,
993 840 1233 912 doctrinarum

120 953 388 1024 administratio
416 962 454 1023 et
482 951 607 1046 politia
633 957 860 1027 scientiarum
888 967 1082 1051 augmenta
1112 960 1233 1030 durius

122 1092 285 1162 premere
302 1069 503 1140 consuevit.
1054 1139 1113 1173 Γ

628 1267 732 1340 XCI.

171 1381 300 1476 Atque
330 1383 474 1477 insuper
502 1383 588 1457 licet
612 1386 681 1456 ista
709 1386 841 1457 invidia
866 1387 1075 1469 cessaverit3
1110 1391 1230 1458 tamen

124 1501 208 1572 satis
251 1510 309 1572 est
353 1501 398 1572 ad
440 1501 679 1573 cohibendum
721 1512 954 1596 augmentum
995 1504 1231 1588 scientiarum,

124 1615 219 1710 quod
243 1615 449 1708 hujusmodi
473 1626 622 1688 conatus
645 1627 683 1689 et
700 1620 882 1689 industria
900 1619 1051 1710 praemiis
1076 1627 1230 1691 careant.

126 1734 210 1807 Non
241 1736 343 1807 euiur
370 1759 479 1829 penes
510 1736 653 1808 eosdem
684 1746 739 1809 est
764 1736 904 1807 cultura
929 1737 1168 1821 scientiarum,
1193 1748 1232 1808 et

125 1852 322 1946 premium.
375 1851 612 1923 Scientiarum
637 1855 732 1924 enlm
751 1863 944 1948 augmenta
964 1875 985 1923 a
1003 1855 1139 1946 magnis
1162 1854 1233 1923 uti-

126 1991 194 2060 que
218 1967 374 2062 ingeniis
397 1969 632 2060 proveniunt3
657 1979 695 2040 at
713 1970 828 2063 pretia
850 1979 888 2040 et
905 1970 1049 2063 praemia
1070 1969 1232 2040 scientia-

126 2106 204 2154 mm
234 2092 323 2154 sunt
348 2105 459 2176 penes
484 2081 612 2177 vulgus
640 2092 704 2153 aut
729 2083 905 2176 principes
933 2083 1035 2166 viros,
1063 2085 1123 2175 qui
1148 2082 1231 2176 (nisi

125 2223 201 2272 raro
219 2198 433 2285 admodum)
450 2198 511 2267 vix
528 2199 755 2270 mediocriter
772 2200 868 2270 docti
886 2208 980 2269 sunt.
1024 2197 1231 2282 Quinetiam

126 2315 330 2409 hujusmodi
363 2336 578 2409 progressus,
605 2339 678 2386 non
709 2318 822 2386 solum
854 2315 1005 2407 praemiis
1032 2323 1070 2383 et
1100 2314 1232 2385 benefi-

126 2434 245 2504 centia
263 2430 462 2511 hominum,
481 2453 603 2501 vemm
626 2432 735 2501 etiam
758 2433 834 2524 ipsa
856 2429 1017 2525 populari
1041 2429 1147 2502 laude
1170 2431 1232 2501 de-

125 2549 243 2620 stituti
275 2555 370 2617 sunt.
428 2544 523 2616 Sunt
553 2547 648 2617 enirn
677 2545 728 2616 illi
758 2570 862 2640 supra
891 2555 1035 2638 captum
1066 2546 1232 2617 maximae

126 2666 240 2757 partis
262 2662 467 2746 hominum,
494 2671 532 2734 et
566 2663 611 2732 ab
646 2663 852 2755 opinionum
884 2661 1084 2756 vulgarium
1115 2663 1230 2733 ventls

125 2778 229 2849 facilc
256 2778 456 2848 obruuntur
476 2786 514 2850 et
535 2777 804 2871 extinguuntur.
857 2775 984 2869 Itaque
1010 2778 1061 2848 nil
1087 2779 1230 2861 mirum,

126 2897 153 2966 si
176 2918 235 2966 rea
254 2894 318 2966 illa
340 2918 411 2965 non
433 2895 585 2967 feliciter
607 2898 823 2979 successerit,
841 2919 920 2988 quae
939 2896 975 2967 in
999 2895 1133 2967 honore
1157 2918 1229 2964 non

126 3012 206 3083 fuit.

618 3153 742 3226 XCII.

176 3271 252 3344 Sed
288 3270 394 3366 longo
423 3271 621 3342 maximum
652 3273 892 3367 progressibus
923 3273 1162 3358 scientiarum,
1192 3282 1231 3346 ot

124 3390 226 3459 nostr
245 3388 362 3480 pansis
383 3411 424 3458 ao
447 3389 635 3481 provinciis
659 3389 696 3457 iu
714 3389 840 3458 iisdem
857 3389 1097 3481 suscipiendis,
1115 3388 1232 3460 obsta·

125 3504 249 3577 culum
267 3503 547 3596 deprehenditur
563 3504 599 3573 in
618 3505 862 3598 desperatione
880 3504 1077 3587 hominum,
1095 3514 1133 3575 et
1150 3527 1233 3597 sup-

125 3622 303 3715 positione
324 3617 579 3712 impossibilis⁴.
631 3616 757 3689 Solent
774 3619 869 3690 enim
889 3620 954 3688 viri
977 3620 1173 3711 prudentes
1194 3628 1232 3690 et

126 3737 241 3809 severi
276 3736 314 3806 in
349 3735 552 3828 hujusmodi
587 3735 692 3805 rebus
730 3734 836 3826 plane
871 3733 1053 3804 diffidere:
1095 3742 1231 3806 naturae

126 3852 393 3937 obscuritatem,
404 3853 487 3922 vitae
504 3852 726 3931 brevitatem,
740 3873 907 3921 sensuum
926 3849 1091 3933 fallacias,
1102 3851 1231 3944 judicii

126 3969 381 4051 infirmitatem,
410 3968 739 4061 experimentorum
770 3965 1007 4049 difficultates,
1034 3976 1073 4037 et
1103 3968 1232 4040 similia

125 4108 245 4156 secum
277 4092 493 4178 reputantes.
550 4083 678 4175 Itaquc
708 4083 923 4165 exlatimant,
954 4105 1031 4154 esse
1059 4084 1229 4176 quosdam

126 4200 365 4283 scientiarum,
389 4221 455 4294 per
478 4208 681 4291 temporum
708 4207 747 4269 et
771 4205 918 4268 aetatum
944 4201 1067 4270 mundi
1093 4199 1231 4271 revolu-

161 4449 259 4504 ⁴This
277 4447 408 4520 difficulty
418 4449 487 4504 Imm
505 4449 593 4504 mau's
611 4447 657 4503 de·
699 4446 810 4517 Eucycl.
824 4445 940 4519 Metrop.
974 4445 1084 4503 Itleads
1097 4447 1230 4502 Bacunto

127 4529 198 4599 rpair
213 4530 236 4584 is
252 4545 289 4583 no
303 4545 362 4582 new
373 4527 460 4600 thing.
497 4527 540 4583 cf.
555 4527 603 4582 Dr.
609 4527 657 4582 Je·
698 4523 822 4580 conddor
844 4525 880 4580 ita
900 4525 1155 4600 contrary-Hope,
1176 4525 1230 4580 und

129 4608 232 4663 ramie’s
243 4606 371 4678 Errayon
384 4606 429 4661 tlre
442 4607 561 4678 Sceptica
572 4607 601 4661 in
613 4606 658 4662 tlre
698 4606 733 4661 its
745 4602 876 4675 grounds.
