2708 5226
484 507 573 574 LIB.
598 510 715 575 11.12.
1102 514 1167 583 167

58 674 98 737 et
127 688 279 760 corpora
307 668 382 761 ipsa
411 672 591 742 resistunt.
645 671 718 742 Ubi
746 695 829 743 vero
854 696 1000 767 corpora
1031 676 1168 749 facilius

60 783 212 867 cedunt,
233 786 290 855 vix
309 788 488 858 excitatur
503 787 607 860 calor.

473 989 537 1061 Ad
552 991 755 1062 vicesimam.

111 1116 175 1191 26.
201 1119 319 1192 Calori
335 1123 541 1194 animalium
558 1124 656 1196 nulla
673 1126 901 1221 subjungitur
916 1128 1081 1224 nepetino,
1100 1132 1167 1201 nisi

62 1236 281 1309 insectorum
312 1242 368 1333 (ut
401 1240 537 1311 dictum
572 1242 643 1334 est)
677 1242 724 1312 ob
759 1244 969 1335 parvitatem
1003 1248 1167 1339 corporis.

62 1353 213 1427 Etenim
230 1356 267 1427 iu
286 1356 437 1449 piscibus
454 1356 592 1427 collatis
608 1359 652 1427 ad
670 1357 836 1428 animalia
858 1362 1038 1431 terrestria
1055 1363 1168 1456 magis

62 1478 210 1540 notatur
225 1470 355 1567 gradus
372 1470 506 1554 caloris,
520 1495 627 1564 quam
644 1473 805 1566 privatio.
846 1475 889 1544 In
910 1478 1168 1569 vegetabilibus

60 1593 184 1656 autem
215 1594 254 1657 et
283 1585 412 1680 plantis
440 1588 559 1659 nullus
590 1590 783 1682 percipitur
811 1591 940 1685 gradus
968 1592 1094 1663 caloris
1121 1595 1166 1663 ad

62 1710 210 1787 tactum,
228 1726 344 1796 neque
361 1705 399 1774 in
416 1703 603 1798 lachrymis
620 1706 785 1799 ipsorum,
804 1730 920 1799 neque
940 1709 976 1777 in
1001 1707 1167 1779 medullis

60 1828 226 1890 recenter
253 1821 394 1913 apertis.
444 1819 498 1890 At
527 1823 562 1891 in
593 1821 804 1893 animalibus
833 1846 963 1917 magna
991 1826 1167 1918 reperitur

60 1935 249 2006 diversitas
271 1936 415 2020 caloris;
441 1945 519 2007 tum
545 1939 583 2007 in
608 1938 767 2031 partibus
792 1939 959 2031 ipsorum,
979 1939 1083 2029 (alius
1109 1950 1165 2012 est

61 2052 159 2121 enim
187 2044 283 2124 calor
309 2053 401 2123 circa
426 2077 497 2137 cor,
515 2054 606 2125 alius
630 2055 667 2123 in
694 2054 848 2136 cerebro,
870 2056 959 2126 aliua
985 2059 1077 2127 circa
1103 2081 1165 2127 ex-

61 2166 177 2259 terna)
196 2177 274 2238 tum
300 2170 335 2239 in
362 2171 604 2242 accidentibus
630 2193 763 2253 eorum,
782 2181 822 2240 ut
847 2173 885 2242 in
908 2173 1164 2245 exercitatione

61 2284 275 2369 vehementi,
294 2294 333 2356 et
349 2285 516 2357 febribus.

386 2476 451 2549 Ad
463 2475 659 2548 vicennam
671 2476 837 2571 primam.

109 2598 172 2672 27.
199 2592 298 2665 Huic
313 2596 490 2667 instantiae
508 2596 568 2665 vix
591 2595 817 2690 subjungitur
831 2595 998 2691 accedam
1050 2596 1164 2680 Quin·

58 2711 171 2781 etiam
203 2721 431 2784 excrementa
459 2711 666 2783 animalium
697 2734 768 2781 non
795 2713 951 2782 recentia
976 2715 1162 2784 manifeste

59 2826 197 2898 habent
217 2826 368 2898 calorem
393 2826 636 2921 potentialem,
654 2838 696 2897 ut
721 2829 878 2898 cernitur
902 2829 939 2897 in
964 2831 1163 2924 impingua·

57 2944 158 3013 tione
175 2943 239 3014 soli
251 2940 289 3014 ⁷⁵.

265 3125 331 3198 Ad
346 3125 541 3199 vicesimam
556 3122 739 3196 secundam
756 3133 789 3196 ct
806 3124 955 3196 tertiam.

109 3263 173 3331 28.
199 3257 373 3351 Liquores
390 3260 478 3348 (sive
499 3279 599 3347 aquae
616 3264 798 3338 vocentur,
816 3257 891 3326 sive
909 3253 1003 3343 olea)
1020 3257 1084 3347 qui
1100 3255 1162 3327 ha-

58 3373 149 3447 bent
178 3397 345 3469 magnam
373 3384 413 3446 et
441 3375 618 3444 intensam
651 3372 891 3453 acrimoniam,
917 3380 1162 3462 exsequuntur

57 3514 166 3585 opera
189 3491 315 3563 caloris
340 3492 378 3561 in
403 3487 598 3562 divulsione
622 3508 820 3578 corponrm,
837 3493 947 3576 atque
972 3484 1161 3556 adustione

56 3615 138 3700 post
154 3605 310 3699 aliquam
327 3627 482 3676 moram:
508 3603 571 3675 ssd
588 3613 710 3673 tamen
729 3601 775 3672 ad
798 3602 914 3694 ipsum
933 3609 1068 3671 tactum
1087 3622 1162 3671 ma·

16 3733 22 3742 '
58 3745 125 3793 nus
141 3746 214 3793 non
237 3730 323 3793 sunt
345 3720 450 3792 calidi
473 3718 519 3789 ab
545 3717 647 3786 initio
657 3711 695 3784 ⁷⁶.
746 3713 952 3809 Operantur
968 3721 1089 3785 autem
1107 3736 1162 3783 se-

55 3840 215 3910 cundum
233 3837 442 3933 analogiam,
460 3845 498 3904 et
520 3854 622 3927 poros
645 3831 810 3924 corporis,
828 3831 886 3902 cui
906 3830 1160 3924 adjunguntur.

55 3953 165 4047 Aqua
192 3955 288 4026 enim
315 3953 407 4048 regis
434 3972 558 4022 aurum
582 3945 698 4030 solvit,
714 3955 903 4043 argentum
928 3946 1095 4017 minime:
1122 3956 1160 4017 at

89 4210 209 4269 ⁷⁸From
225 4212 272 4271 tho
285 4212 428 4269 Ammonia
445 4207 585 4266 contained
626 4214 655 4260 to
684 4204 754 4260 their
782 4202 944 4268 Affinities,”
971 4203 1035 4259 does
1066 4202 1158 4259 Baton

53 4283 229 4355 inuildnng.
626 4288 724 4339 meant
759 4281 1159 4353 These“cuccptions'’(28-

89 4362 280 4434 “Repetition
302 4362 372 4417 irum
397 4361 521 4416 instance
544 4376 585 4426 14,
626 4364 730 4434 32)are
747 4361 776 4416 in
793 4379 830 4416 no
846 4378 924 4416 aenae
937 4360 1083 4415 connected
1094 4360 1159 4414 witlr

52 4441 496 4512 withmattcmptatcxplanstion.
515 4439 584 4494 “Se-
627 4440 714 4505 ilcan
732 4457 762 4494 aa
778 4438 827 4494 hnc
842 4438 910 4495 bean
922 4438 1053 4494 observcd
1064 4438 1157 4501 above,

53 4519 178 4576 vundan
200 4519 389 4590 Analogimss'
413 4516 586 4590 “mdng
627 4517 862 4598 ll.rr.luvt.a5.
