2708 5226
131 580 175 643 aa
309 556 313 564 '
458 573 633 642 sevon
654 572 905 641 ossanna.

130 759 193 808 nes
218 746 257 807 et
281 736 527 820 exaltationes,
548 738 826 810 substantiarum
851 735 1217 820 transmutationes,et

131 863 294 925 motuum
321 855 366 925 ad
396 853 539 925 libitum
569 855 811 925 roborationes
838 862 879 923 et
904 851 1218 947 multiplicationes,

131 973 222 1043 aeris
247 971 492 1064 impressiones
522 983 560 1042 et
589 970 830 1053 alterationes,
857 970 1061 1042 coelestium
1089 971 1220 1042 inlinen-

129 1089 261 1158 tiarum
282 1088 515 1160 deductiones
538 1099 576 1159 et
599 1088 875 1182 procurationes,
893 1110 1016 1159 rerum
1038 1088 1220 1159 fntnmmns

130 1205 376 1288 divinationes,
401 1215 617 1276 remotarum
644 1206 990 1297 repraesentationes,
1018 1203 1220 1278 occultarum

130 1322 373 1404 revelationes,
403 1331 442 1393 et
471 1320 541 1394 alia
572 1321 754 1415 complura
786 1320 1023 1415 pollicitando
1053 1332 1094 1393 et
1121 1331 1222 1394 osten·

130 1440 252 1510 tando.
304 1436 443 1510 Verum
466 1440 511 1510 de
534 1440 611 1510 istis
631 1437 857 1533 larg'toribus
873 1461 945 1509 non
962 1438 1122 1510 multum
1136 1439 1223 1510 absa

131 1557 270 1639 raverit,
295 1557 354 1648 qni
380 1556 581 1627 istiusmodi
600 1556 779 1649 judicium
805 1556 940 1639 fecerit,
964 1566 1110 1629 tantum
1133 1558 1223 1628 ainri-

130 1694 209 1743 rnm
227 1675 264 1743 in
281 1672 451 1744 doctrinis
475 1673 712 1768 philosophiae,
729 1673 826 1744 inter
848 1673 977 1745 horum
996 1676 1178 1758 venitm,
1192 1685 1223 1746 et

129 1810 229 1860 aeras
254 1798 358 1872 artes,
384 1791 566 1872 interesse,
592 1800 766 1883 quantum
792 1792 888 1862 inter
914 1812 973 1863 res
1003 1802 1124 1886 gestas
1147 1790 1223 1862 Julii

131 1902 286 1986 Oaesaris,
303 1913 367 1974 aut
388 1903 585 1976 Alexandri
611 1905 747 2000 Magni,
770 1914 808 1976 et
833 1929 891 1978 res
914 1917 1038 2002 gestas
1058 1909 1223 1981 Amadicii

131 2045 177 2093 ex
204 2021 321 2092 Gallia
331 2019 369 2105 ⁹¹,
395 2032 460 2094 ant
484 2021 611 2094 Artori
634 2046 681 2096 ex
701 2022 898 2106 Britannia,
916 2025 954 2096 in
976 2025 1137 2100 historiae
1156 2048 1223 2100 aar·

17 2156 21 2168 ·
129 2140 326 2210 rationibus
359 2141 510 2211 intersit.
573 2141 811 2211 Inveniuntur
839 2142 939 2212 enim
970 2142 1154 2216 clarissimi
1179 2144 1223 2216 illi

129 2256 359 2351 imperatores
388 2280 511 2328 revera
538 2260 673 2351 majora
701 2258 860 2352 gessisse,
887 2279 997 2350 quam
1028 2261 1225 2334 umbratiles

128 2375 187 2445 isti
211 2374 336 2446 heroes
361 2376 468 2446 etiam
496 2377 623 2447 senisse
648 2376 847 2468 finganun
879 2376 941 2446 sed
967 2379 1087 2465 moilla
1111 2391 1150 2451 at
1169 2381 1224 2450 viis

129 2492 265 2564 scilicet
282 2495 462 2564 actionum
479 2492 627 2564 minime
645 2491 813 2563 fabulosis
830 2505 869 2563 et
885 2495 1107 2589 prodigiosis.
1159 2496 1225 2569 Ne·

130 2633 200 2701 que
223 2619 411 2703 propterea
435 2632 579 2702 aequum
603 2619 777 2694 estserae
800 2612 981 2681 memoria
1002 2614 1112 2685 fidem
1135 2617 1225 2687 dero-

129 2728 213 2819 gari,
232 2728 325 2818 quod
349 2751 370 2797 a
391 2724 519 2796 fabulis
544 2725 605 2796 illa
626 2727 839 2818 quandoque
862 2726 945 2798 laesa
967 2731 1015 2800 sit
1036 2742 1075 2802 et
1093 2732 1223 2803 violata

130 2843 201 2915 Sed
236 2845 378 2914 interim
416 2845 563 2913 minime
601 2845 731 2913 mirum
770 2855 834 2929 est,
870 2847 899 2916 si
935 2850 1224 2940 propositionibus

129 2963 229 3031 novis
252 2963 459 3055 (praesertim
486 2983 568 3031 cnm
594 2962 776 3031 mentione
803 2967 966 3054 operum)
990 2986 1163 3060 magnum
1184 2967 1224 3037 sit

130 3079 265 3149 iactum
292 3078 533 3171 prejudicium
564 3100 628 3170 per
655 3079 740 3148 istos
767 3079 986 3170 impostores,
1015 3084 1079 3173 qni
1106 3082 1224 3154 similia

129 3203 378 3276 tentaverunt3
404 3215 486 3263 cum
504 3194 669 3263 vanitatis
685 3215 852 3264 excessus
867 3205 904 3266 et
923 3195 1106 3269 fastidium
1125 3201 1223 3270 etiam

128 3331 224 3380 nnnc
251 3332 394 3379 omnem
422 3312 458 3379 iu
486 3309 659 3401 ejusmodi
688 3310 873 3382 conatibus
900 3316 1223 3406 magnanimitatem

67 3421 71 3428 ’
129 3425 357 3498 destruxerit.

547 3525 812 3599 LXXXVIII.

180 3628 234 3697 At
250 3628 357 3721 longe
375 3627 507 3719 majora
523 3650 544 3696 a
560 3626 862 3720 pusillanimitate,
881 3636 919 3697 et
935 3651 1138 3721 pensorum,
1155 3653 1225 3723 qua

129 3743 286 3814 hnmana
302 3744 475 3814 industria
495 3745 560 3814 sibi
583 3745 773 3838 proposuit,
793 3745 967 3834 parvitate
985 3755 1025 3816 et
1042 3748 1224 3829 tenuitate,

128 3861 343 3930 detrimenta
361 3862 396 3929 in
414 3861 577 3931 scientias
597 3862 738 3930 inventa
759 3868 852 3930 sunt.
905 3860 958 3930 Et
981 3872 1102 3937 tamen
1121 3862 1222 3957 (qnod

129 3977 319 4069 pessimum
338 3981 406 4068 est)
425 3976 693 4069 pusillanimitas
710 3978 777 4048 ista
794 4000 866 4047 noa
883 3979 960 4049 sine
976 3981 1177 4075 arrogantia
1191 3986 1224 4048 et

128 4094 271 4163 fastidio
289 4117 326 4164 se
345 4093 457 4164 offert.

180 4209 340 4279 Primum
358 4211 465 4293 enim,
483 4214 641 4282 omnium
665 4212 794 4282 artium
818 4210 879 4281 illa
900 4211 1075 4303 reperitur
1090 4209 1222 4283 cautela

128 4387 221 4441 Baton
250 4387 273 4442 is
302 4387 366 4442 here
396 4387 526 4457 referring
555 4398 583 4443 to
613 4389 658 4444 the
698 4389 834 4443 mediaval
843 4405 976 4442 romanoe.
996 4388 1123 4444 'l'lnefirst
1131 4388 1223 4444 edifioa

126 4466 259 4538 languago
278 4467 309 4521 oi
324 4466 371 4521 the
390 4466 552 4521 Alchsmists
570 4469 600 4523 oi
615 4469 658 4523 his
698 4467 729 4521 oi
744 4469 765 4559 it
782 4467 840 4522 that
858 4468 881 4522 is
898 4476 991 4521 extant
1009 4484 1063 4522 eras
1080 4466 1223 4572 printedsi

125 4545 188 4665 dail
205 4630 223 4656 “
232 4624 344 4680 Amadia
357 4622 390 4679 de
402 4623 473 4679 Gaul
479 4625 508 4689 ;”
528 4625 658 4681 aismoas
698 4545 962 4696 gildalemlaePpllil.
975 4544 1221 4698 ἓξρΗΓνΠῗῑὲω.
