2708 5226
1182 345 1198 367 ‚⁸

209 554 271 618 128
532 555 704 621 NOVUM
728 556 977 623 ORGANUM.

208 720 267 787 80.
296 715 457 788 Flamma
479 740 549 790 non
572 722 704 792 emicat
725 730 788 792 aut
810 731 1011 815 gestentur,
1028 726 1098 796 nisi
1119 725 1223 797 detur
1242 723 1295 796 ali·

282 834 367 926 quid
393 836 549 918 concavi,
565 837 604 906 in
627 859 699 929 quo
725 835 868 908 flamma
890 860 1035 910 morere
1060 842 1171 934 psosst
1192 850 1230 912 et
1251 840 1295 911 lu·

282 951 393 1034 dere;
436 960 671 1045 preterquam
706 955 743 1025 iu
777 953 929 1027 flammis
962 955 1124 1029 fistuosis
1156 957 1297 1050 pulveris

281 1068 515 1148 tormentarii,
539 1077 578 1139 et
602 1068 788 1152 similibus,
808 1070 871 1140 ubi
894 1075 1110 1166 compreoeio
1136 1083 1175 1145 et
1199 1075 1299 1145 iucar-

282 1183 415 1256 ceratio
432 1181 586 1255 flammae
604 1196 714 1280 auget
730 1186 808 1278 ejus
825 1187 1012 1259 furorem¹.

209 1306 267 1372 31.
294 1300 401 1372 Iucus
428 1325 491 1395 per
516 1300 687 1373 malleum
716 1301 836 1373 calefit
860 1304 1077 1389 admodum
1103 1305 1194 1377 adeo
1217 1314 1257 1376 nt
1276 1306 1300 1374 si

282 1418 383 1488 incus
416 1416 526 1488 fuerit
555 1416 695 1488 lamine
725 1417 908 1503 tenuioris,
934 1421 1184 1493 existimemus
1212 1420 1300 1491 illan

282 1555 347 1625 per
377 1533 487 1605 fortes
518 1543 556 1604 et
586 1534 775 1604 continuos
803 1535 897 1606 ictus
927 1534 1048 1607 mallei
1079 1558 1183 1630 posse
1210 1537 1303 1607 rube

282 1670 392 1731 scere,
409 1656 452 1718 nt
475 1649 608 1718 ferrum
632 1649 809 1742 ignitnm3
834 1650 898 1721 sed
919 1650 967 1721 de
991 1650 1061 1722 hoc
1085 1652 1151 1723 fiat
1173 1651 1303 1745 experi-

283 1761 479 1835 mentum2.

210 1885 269 1951 82.
286 1877 340 1950 At
356 1880 393 1949 in
409 1880 541 1974 ignitis,
554 1901 633 1971 quae
649 1890 732 1951 suut
749 1901 885 1972 porosa,
906 1882 959 1952 ita
975 1891 1016 1952 ut
1032 1881 1143 1953 detur
1156 1884 1304 1976 spatium

284 1996 329 2066 ad
354 1996 594 2066 exercendum
615 2004 754 2066 motum
782 1996 887 2089 ignis,
909 1997 939 2068 si
961 1997 1173 2068 cohibeatur
1194 1998 1305 2088 hujus·

283 2112 379 2182 modi
403 2119 524 2182 motus
544 2133 609 2203 per
632 2112 930 2205 compressionem
949 2112 1088 2196 fortem,
1107 2115 1231 2184 statim
1250 2135 1306 2183 ex·

284 2228 479 2322 stinguitur
512 2226 627 2320 iguis;
655 2225 766 2297 veluti
796 2248 879 2296 cum
908 2227 1060 2299 linteum
1091 2238 1223 2314 ustum,
1250 2237 1306 2299 aut

284 2343 385 2414 filum
402 2342 530 2428 ardens
546 2341 705 2415 mndelae
721 2351 785 2414 aut
801 2341 986 2436 lampadis,
998 2354 1064 2415 aut
1079 2346 1191 2416 etiam
1209 2345 1306 2417 carbo

284 2469 348 2531 aut
370 2481 483 2552 pruna
498 2459 636 2541 ardens,
657 2459 905 2550 comprirnitur
924 2482 989 2552 per
1009 2461 1233 2553 pressorium,
1249 2470 1306 2532 aut

284 2578 384 2670 pedis
414 2574 730 2658 conculcationem,
752 2584 816 2645 aut
842 2574 1060 2668 hujusmodi,
1087 2580 1211 2650 statim
1240 2602 1307 2650 ces

284 2703 363 2764 sant
380 2691 604 2785 operationes
621 2691 724 2783 ignis.

212 2814 269 2880 33.
288 2807 563 2902 Approximatio
591 2807 635 2877 sd
667 2828 793 2899 corpus
823 2806 980 2877 calidum
1008 2819 1119 2902 anget
1147 2811 1305 2892 calorem,

285 2948 348 3019 pro
372 2926 483 3018 gradu
509 2923 848 3016 approximationis3
876 2925 971 3015 quod
997 2927 1107 2996 etiam
1132 2928 1175 2997 fit
1199 2928 1236 2998 in
1258 2928 1306 2998 lu·

285 3043 403 3112 mine:
443 3063 527 3111 uam
556 3063 628 3132 qno
657 3041 801 3133 pmpius
831 3040 1026 3112 collocatur
1056 3042 1235 3134 objectum
1264 3043 1304 3113 ad

285 3157 418 3238 lumen,
436 3179 480 3227 eo
496 3156 608 3249 magis
627 3162 682 3224 est
698 3152 869 3227 visibile³.

211 3279 269 3343 34.
296 3273 394 3344 Unio
411 3271 568 3343 calorum
586 3270 804 3340 diversorum
820 3281 929 3365 anget
946 3271 1113 3357 calorem,
1131 3275 1197 3344 nisi
1219 3274 1304 3344 faeta

284 3390 330 3459 sit
359 3388 560 3459 commistio
587 3408 784 3478 corporum.
836 3385 933 3458 Nam
961 3388 1062 3459 focus
1087 3412 1247 3484 magnus,
1271 3399 1303 3459 et

248 3571 254 3610 ¹
277 3570 411 3626 Common
431 3568 508 3623 fleme
527 3568 644 3640 requires
664 3566 739 3638 Oxy·
780 3567 877 3623 echel's
891 3569 1046 3634 Disoourse,
1060 3573 1075 3640 §
1090 3587 1152 3644 347.

210 3668 271 3727 gen,
293 3649 345 3704 end
370 3647 500 3702 therefore
522 3647 639 3718 requires
659 3663 739 3710 mom,
815 3646 828 3686 ³
846 3647 929 3702 “The
942 3647 1018 3702 lawe
1032 3649 1063 3703 ol
1074 3649 1120 3704 the
1134 3649 1271 3705 Rsffiation
1282 3646 1306 3703 ol

210 3729 228 3783 i.
238 3747 260 3782 e.
276 3730 323 3782 air.
358 3727 417 3781 'lhe
438 3743 498 3780 case
518 3725 548 3779 ol
568 3724 740 3795 Gunpowder
782 3724 853 3779 Heu
874 3726 941 3781 heve
961 3727 1028 3781 beeu
1051 3728 1137 3783 found
1157 3739 1187 3783 to
1207 3731 1303 3800 present

210 3807 233 3859 is
246 3815 293 3861 not
304 3805 350 3859 the
366 3823 447 3868 same,
460 3821 489 3858 as
502 3804 576 3858 there
592 3803 636 3858 the
648 3804 739 3874 explo-
781 3814 876 3874 strong
888 3806 1021 3876 analogies
1031 3806 1095 3860 with
1108 3805 1185 3862 those
1196 3807 1226 3862 ol
1234 3805 1303 3876 light

211 3885 271 3938 sion
286 3885 367 3938 ariees
385 3884 454 3937 from
470 3881 546 3936 other
564 3899 674 3937 causes:
694 3881 741 3935 the
781 3883 809 3936 in
822 3901 895 3938 some
910 3884 1009 3954 points,
1022 3883 1076 3938 and
1089 3885 1209 3956 singular
1224 3884 1301 3939 differ·

211 3961 428 4016 “incarcerato’'
443 3960 506 4031 only
522 3961 595 4031 gives
615 3959 741 4014 dimotion
782 3978 860 4015 eucee
875 3962 903 4015 in
918 3962 1037 4016 others.”
1073 3962 1150 4035 They
1163 3964 1229 4019 hare
1247 3963 1301 4017 beu

210 4039 296 4094 tothe
308 4039 441 4109 explosive
453 4056 549 4108 power.
585 4037 643 4092 The
655 4039 742 4092 actual
782 4039 956 4110 investigated
972 4040 1009 4111 by
1023 4040 1064 4095 M.
1078 4041 1196 4106 Pravoet,
1211 4040 1300 4109 audhy

211 4119 356 4189 expansiou
374 4116 463 4171 would
480 4117 514 4171 be
530 4118 589 4189 just
606 4117 652 4171 the
670 4134 742 4171 earne
783 4117 824 4171 M.
845 4112 884 4171 M.
906 4118 1017 4189 Dulong
1034 4119 1088 4174 and
1109 4119 1184 4175 Petit
1220 4122 1257 4175 As
1271 4133 1300 4171 re

212 4198 239 4251 iu
252 4196 297 4251 the
309 4213 378 4266 open
390 4196 437 4248 air.
782 4196 915 4266 approach
931 4196 976 4249 the
995 4195 1127 4269 radiating
1144 4198 1216 4271 body
1231 4197 1300 4266 (whe-

247 4274 260 4314 ²
277 4280 295 4304 “
306 4272 515 4336 Condeusetion,
527 4274 645 4328 whether
661 4273 692 4327 οἰ
703 4272 742 4327 air
782 4273 842 4328 ther
853 4275 874 4328 it
885 4273 919 4329 he
932 4274 1069 4329 lumiuous
1081 4293 1112 4330 or
1124 4277 1192 4346 hot),
1204 4293 1243 4331 we
1252 4290 1298 4346 ρετ·

211 4353 248 4426 hy
259 4370 390 4424 pressure,
400 4369 431 4405 or
442 4351 472 4405 ol
481 4354 574 4406 metals
586 4352 623 4423 by
634 4369 742 4422 percus·
783 4351 854 4407 ceive
866 4369 882 4406 e
893 4361 996 4422 grenta
1013 4353 1140 4426 intensity
1152 4355 1183 4408 of
1192 4354 1267 4426 light
1275 4365 1298 4403 or

212 4432 316 4495 siou,is
330 4449 346 4484 ι
361 4431 489 4501 powerful
507 4448 602 4486 source
617 4432 649 4486 ol
662 4431 740 4486 lleat.
784 4430 864 4494 lleut,
888 4430 942 4485 and
962 4432 1020 4485 vioe
1044 4450 1129 4487 versa.
1173 4433 1221 4488 See
1239 4430 1296 4486 ller-

210 4511 296 4575 Thus,
315 4510 374 4564 irou
392 4527 453 4581 may
471 4509 505 4563 he
524 4527 555 4565 so
573 4509 743 4582 dexteronsly
783 4508 879 4564 schel's
893 4509 1046 4574 Disoonree,
1059 4511 1074 4579 l
1085 4524 1147 4581 351.

211 4588 365 4644 hemmered
378 4605 407 4642 ιι
419 4597 447 4642 to
458 4587 492 4642 he
504 4587 640 4643 red-hot.”
673 4588 742 4642 Her·
