2708 5226
497 556 586 622 LIB.
602 558 631 624 Ι.
648 575 698 646 79,
715 560 766 623 80.
1138 556 1182 629 69

91 742 212 794 umma
240 722 392 817 ingenia
420 720 489 792 illis
520 723 738 816 temporibus
769 732 809 793 ut
839 720 1031 814 plurimum
1058 722 1104 793 ad
1132 743 1188 792 res

92 838 194 910 irilee
222 861 265 909 ee
292 837 550 932 applicuerunt,
572 849 715 933 propter
738 838 1020 933 magnitudinem
1049 838 1187 930 imperii

91 955 240 1037 tomani,
265 955 362 1047 quod
388 953 621 1047 plurimorum
647 953 832 1024 hominum
858 975 966 1046 opera
991 953 1187 1047 indigebat.

91 1067 127 1139 lt
151 1068 219 1140 illa
244 1078 347 1152 aetes,
374 1092 444 1161 qua
471 1067 641 1140 naturalis
671 1068 892 1162 philosophia
919 1069 1013 1162 apud
1041 1068 1188 1141 Graecos

91 1187 235 1257 naxime
253 1183 381 1256 florere
399 1186 472 1256 visa
487 1194 555 1267 est,
575 1185 748 1278 particula
765 1184 835 1255 fuit
852 1185 1022 1276 temporis
1039 1185 1187 1256 minime

91 1303 271 1388 linturna;
298 1323 380 1371 curn
399 1309 438 1372 et
455 1300 713 1392 antiquioribus
731 1300 951 1392 temporibus
967 1309 1110 1391 septem,
1124 1299 1187 1382 illi,

91 1418 137 1508 rui
162 1417 346 1508 sapientes
371 1415 656 1497 nominabantur,
677 1437 800 1486 omnes
824 1415 966 1509 (praeter
985 1413 1187 1507 Thaletem)

91 1533 120 1604 id
143 1530 320 1603 moralem
343 1530 601 1625 philosophiam
623 1541 660 1601 et
677 1531 795 1600 civilia
812 1553 850 1601 se
868 1529 1124 1624 applicuerint;
1150 1540 1189 1601 et

91 1649 335 1721 ›osterioribus
364 1648 595 1741 temporibus,
624 1657 809 1740 postquam
838 1647 1002 1718 Socrates
1033 1646 1188 1741 philoso-

91 1765 200 1837 thiam
231 1763 280 1834 de
310 1762 399 1834 coelo
429 1765 465 1833 in
498 1773 608 1834 terras
641 1764 849 1834 deduxisset
859 1758 896 1845 ⁶⁵,
929 1763 1045 1833 adhuc
1074 1763 1188 1858 magis

92 1880 274 1953 nraluerit
299 1878 441 1951 moralis
466 1879 697 1973 philosophia,
724 1889 762 1951 et
789 1880 931 1973 ingenia
956 1881 1140 1950 hominum
1166 1902 1190 1951 a

91 1996 233 2069 raturali
252 1995 432 2067 averterit.

127 2113 184 2184 At
209 2112 386 2207 ipsissima
412 2110 473 2180 illa
498 2111 663 2203 periodus
687 2111 865 2203 temporis,
888 2109 925 2179 in
949 2135 1022 2202 qua
1046 2110 1190 2202 inquisi-

91 2229 195 2300 ioncs
219 2227 267 2299 de
292 2212 420 2297 natura
441 2226 644 2321 viguerunt,
662 2226 1001 2298 contradictionibus
1022 2236 1061 2298 et
1081 2251 1189 2297 novo·

91 2366 157 2415 um
175 2343 393 2437 placitorum
415 2341 610 2413 ambitione
634 2351 799 2434 corrupta
820 2351 884 2425 est,
903 2352 941 2413 et
958 2342 1093 2414 inutilis
1110 2343 1189 2413 red-

91 2460 165 2532 lita.
226 2459 358 2550 Itaque
387 2458 675 2550 quandoquidem
709 2481 773 2551 per
805 2467 878 2529 tres
911 2458 996 2529 istas
1026 2459 1189 2553 periodos

91 2574 252 2647 raturalis
275 2572 498 2668 philosophia
521 2577 688 2667 majorem
716 2576 754 2644 in
778 2575 922 2645 modum
945 2574 1109 2669 neglecta
1125 2585 1189 2646 aut

91 2692 253 2785 ,inpedita
271 2690 389 2772 fuerit,
408 2688 456 2760 nil
479 2691 610 2760 mimm
634 2693 662 2762 si
690 2691 850 2763 homines
875 2714 999 2785 parum
1025 2693 1062 2762 in
1085 2715 1128 2763 ea
1151 2715 1189 2763 re

91 2807 309 2888 rrofecerint,
328 2828 409 2875 cum
428 2806 573 2877 omnino
590 2806 686 2877 aliud
705 2809 854 2901 egerint.

556 2987 717 3058 LXXX.

126 3105 288 3181 Accedit
314 3114 352 3175 et
377 3103 478 3184 illud,
505 3104 600 3196 quod
631 3105 802 3176 naturalis
832 3103 1053 3199 philosophia
1080 3104 1116 3175 in
1146 3105 1188 3177 iis

94 3227 162 3319 pois
188 3223 284 3303 viris,
312 3220 374 3313 qui
400 3222 431 3291 ei
462 3220 699 3303 incubuerint,
727 3231 911 3293 vacantem
941 3232 979 3292 et
1009 3223 1188 3315 integrum

91 3342 277 3422 rominem,
296 3337 489 3430 praesertim
516 3336 570 3407 his
596 3337 854 3408 recentioribus
881 3337 1109 3429 temporibus,
1128 3339 1188 3407 vix

91 3561 226 3617 habands
238 3559 270 3613 oi
278 3558 324 3613 the
336 3559 397 3613 civil
408 3575 505 3629 power.
535 3557 616 3612 Their
657 3558 757 3613 roured
773 3557 915 3629 toreplece
927 3554 972 3612 the
985 3558 1072 3613 subtle
1084 3559 1140 3613 talk
1152 3578 1189 3615 ou

91 3639 152 3704 hv,
165 3639 255 3710 again,
268 3636 390 3708 enjoined
406 3637 432 3690 τί
445 3637 484 3690 δεῖ
495 3637 617 3706 πράττειν
657 3637 772 3692 abstract
796 3639 942 3710 questions,
964 3637 1017 3692 and
1041 3638 1086 3692 the
1110 3639 1188 3711 quib·

91 3719 120 3773 roi
137 3724 215 3773 τινῶν
232 3715 386 3787 deripiebar,
398 3715 499 3786 haring
513 3732 528 3769 a
544 3715 616 3786 posi-
656 3716 732 3788 bliug
744 3716 774 3771 of
787 3717 832 3771 the
844 3715 962 3770 teochers
977 3714 1008 3769 oi
1021 3715 1062 3772 bis
1079 3717 1140 3789 day,
1152 3718 1189 3790 by

91 3794 448 3864 ineewellessnegetive
461 3792 527 3848 side.
565 3793 617 3848 For
656 3794 701 3849 the
714 3794 837 3867 studyoi
850 3795 952 3850 human
969 3795 1014 3849 lile
1029 3795 1081 3850 aad
1097 3797 1132 3851 its
1146 3797 1187 3852 in·

91 3874 149 3930 heir
186 3879 205 3905 “
224 3872 324 3928 State’'
360 3889 413 3927 was
452 3873 510 3926 also
548 3871 617 3926 their
656 3882 759 3939 tereste,
772 3873 1062 3928 therewasahindoi
1074 3877 1189 3948 analogy

91 3951 254 4009 ‘Charch'’
292 3950 369 4005 With
387 3969 420 4006 us
439 3950 484 4005 the
504 3951 616 4022 positive
656 3951 774 4006 between
806 3951 862 4006 him
895 3951 948 4006 and
982 3951 1082 4008 Bacon.
1130 3954 1189 4010 The

91 4041 203 4104 recepte
221 4048 267 4085 are
285 4029 333 4084 leit
350 4037 379 4083 to
398 4028 536 4100 Religiou3
562 4028 615 4083 end
656 4030 772 4101 thought
790 4048 879 4085 comes
894 4030 963 4086 from
977 4030 1094 4086 Cicero's
1106 4032 1188 4089 'lhrsc

91 4111 144 4166 'arr
155 4109 361 4165 novirelmost
374 4106 510 4162 restricted
526 4117 554 4161 to
570 4105 616 4161 the
656 4110 735 4181 Disp.
749 4109 783 4163 V.
800 4110 835 4164 iv.
851 4127 892 4165 ιο.
913 4108 1067 4166 “Socrates
1085 4110 1188 4183 primus

91 4188 240 4245 ecbibitive
264 4186 387 4241 ride-‘⁶
401 4185 470 4244 Quae
494 4188 536 4240 lex
560 4203 615 4240 non
657 4188 856 4260 Philosophiam
876 4187 1013 4244 devocarit
1033 4207 1048 4244 e
1067 4192 1142 4254 coelo,
1162 4200 1189 4245 et

91 4267 161 4333 abet,
171 4266 301 4339 permittit
309 4265 337 4319 :¹'
352 4264 415 4319 with
428 4263 473 4319 the
485 4267 612 4327 occiente,
655 4266 684 4321 in
702 4266 815 4322 urbibus
836 4267 982 4332 collocavit,
1000 4278 1027 4322 et
1047 4271 1074 4322 in
1093 4267 1189 4322 domos

91 4363 110 4401 ir
126 4345 257 4401 Aristotle
274 4361 344 4416 says,
361 4341 375 4396 b
394 4345 409 4396 ὁ
426 4345 504 4412 νόμος
520 4342 555 4411 μὴ
573 4363 613 4396 rr·
656 4345 735 4399 etism
754 4343 909 4410 introduxit,
929 4356 955 4400 et
976 4347 1063 4417 coegit
1083 4346 1116 4400 de
1135 4347 1190 4400 vita

91 4421 327 4495 tricurino-poprie.
345 4420 395 4476 See
404 4421 518 4476 Bacon’s
527 4420 613 4475 Filum
656 4433 682 4477 et
697 4423 817 4479 moribus
832 4424 966 4496 rebusque
981 4425 1059 4479 bonis
1074 4434 1100 4478 et
1111 4424 1188 4479 mali·

91 4500 226 4571 lebr.§6.
656 4503 802 4573 querere.’'

116 4579 142 4620 ω
160 4582 193 4637 ln
212 4597 245 4636 ro
263 4579 304 4634 ier
324 4597 354 4633 ss
375 4578 496 4635 Socrates
518 4579 613 4633 endea-
