2708 5226
467 551 555 616 nm.
582 551 607 616 1.
625 568 742 636 71,72.
1118 558 1161 626 59

22 717 222 788 immunes
240 719 371 786 orant:
394 713 454 785 sed
475 715 512 784 in
529 713 765 787 ambitionem
786 722 824 786 et
842 715 1037 813 vanitatem
1054 726 1160 788 seatae

29 832 255 915 condendae,
282 839 322 902 et
347 852 438 902 aura
468 831 647 925 popularis
677 832 872 925 osptandae‚
899 833 1051 904 nimium
1080 857 1161 928 pro·

31 949 264 1045 pendebant
315 946 384 1019 Pro
401 948 587 1043 desperata
602 958 727 1021 autam
745 948 910 1021 habenda
928 959 983 1022 est
999 951 1160 1023 veritatis

36 1065 346 1158 inquisitionum
368 1065 413 1137 ad
436 1064 639 1157 hujusmodi
663 1066 782 1137 inania
805 1066 984 1138 deflectat.
1037 1065 1158 1138 Etiam

40 1204 115 1254 non
132 1179 382 1254 omittendum
395 1181 538 1253 videtur
547 1182 726 1274 judicium
744 1181 844 1266 illud,
859 1185 932 1256 siva
950 1185 1158 1255 vaticinium

42 1300 177 1394 potius,
188 1297 385 1370 saoerdotis
394 1296 553 1392 AEgyptii
567 1297 613 1369 do
627 1296 779 1371 Graeais:
800 1297 903 1389 Quod
914 1323 1045 1394 semper
1052 1299 1160 1394 puers?

44 1423 180 1496 assent:
205 1437 316 1510 neptae
337 1411 496 1486 interm
518 1414 757 1510 antiqnimtem
783 1417 945 1501 scientim,
963 1425 1027 1487 aut
1050 1416 1160 1488 sciata·

46 1532 134 1604 mm
152 1526 416 1627 antiquitatis&
468 1528 518 1602 Et
535 1540 632 1603 carte
649 1530 783 1603 habent
800 1533 837 1603 id
856 1533 952 1626 quod
968 1554 1158 1626 puerorum

48 1657 125 1733 ast;
151 1656 197 1719 ut
226 1648 272 1720 ad
298 1647 524 1742 gaudendum
551 1649 705 1742 prompti
733 1649 815 1732 sint,
841 1672 1009 1743 generare
1036 1659 1158 1719 autem

48 1788 123 1837 non
148 1765 308 1860 possint:
336 1787 420 1836 nam
436 1764 585 1836 verbosa
605 1766 746 1836 videtur
772 1767 944 1859 sapientia
969 1772 1160 1848 summat

49 1904 203 1976 operum
219 1880 359 1953 sterilis.
411 1880 539 1974 Itaque
556 1904 603 1953 ex
621 1891 701 1951 ortu
725 1891 763 1952 et
786 1891 896 1975 gente
918 1881 1160 1976 philosophia,

52 2021 130 2092 quae
147 1999 186 2069 in
203 2019 272 2067 usu
290 2005 353 2081 ost,
372 2019 450 2090 quae
466 1998 655 2090 sapiuntur
673 1999 781 2092 signa,
801 1998 894 2070 bona
910 2021 983 2071 non
1000 2009 1094 2071 sunt.

104 2257 240 2350 Noqno
269 2255 385 2327 multo
415 2154 690 2327 meliorlaixsiiiii.
705 2257 815 2350 signa,
846 2281 923 2351 quae
954 2281 999 2328 ex
1033 2269 1159 2331 natura

54 2374 227 2467 temporis
252 2373 430 2444 etaetatis
455 2375 531 2466 oapi
559 2380 716 2466 possunt,
734 2395 841 2465 quam
863 2395 941 2465 quae
965 2397 1011 2444 ex
1034 2383 1160 2446 natura

54 2491 122 2563 loai
140 2499 181 2562 et
197 2486 395 2561 nationis49.
445 2490 613 2585 Angusta
630 2490 726 2561 enim
744 2499 822 2562 erat
839 2498 877 2560 et
896 2493 1015 2562 tenuis
1031 2493 1161 2563 notitia

54 2606 242 2702 perillam
264 2614 408 2678 aetatem
428 2605 485 2677 vel
508 2608 678 2699 temporis
703 2604 760 2678 vol
790 2606 904 2678 orbis:
932 2607 1027 2699 quod
1055 2606 1161 2702 longa

55 2726 251 2820 pessimum
277 2732 342 2808 est,
360 2725 552 2816 praesertim
579 2724 622 2794 iis
645 2725 705 2815 qui
733 2726 852 2795 omnia
877 2724 914 2794 in
940 2726 1161 2819 experientia

55 2847 207 2937 ponunt.
260 2838 391 2932 Neque
419 2840 515 2911 onim
545 2839 643 2911 milia
668 2863 840 2911 annorum
866 2840 1059 2925 historiam,
1082 2866 1160 2935 quae

56 2959 164 3055 digna
189 2963 269 3027 erat
293 2956 438 3026 nomine
463 2955 628 3038 historia,
651 2956 850 3043 habebant3
877 2959 939 3029 sed
963 2957 1098 3029 fabulas
1125 2967 1163 3029 et

55 3095 218 3148 rumores
255 3073 489 3164 antiquitatis.
552 3071 755 3166 Regionum
792 3098 875 3146 vero
912 3083 1162 3167 tractuumqna

55 3191 181 3264 mundi
206 3189 376 3285 exigimm
400 3197 538 3281 partam
565 3197 757 3273 noverant3
784 3214 867 3260 oum
890 3214 1014 3263 omnes
1036 3191 1163 3285 hyper·

56 3311 192 3391 boreos,
213 3305 383 3399 Scythas3
410 3330 533 3378 omnes
550 3305 799 3386 occidentales,
818 3306 940 3378 Celtas
957 3309 1162 3379 indistincta

56 3423 301 3521 appellarent:
327 3422 377 3493 nil
396 3422 432 3493 in
449 3421 574 3493 Africa
592 3421 685 3493 ultra
701 3424 861 3492 citimam
879 3423 1068 3517 AEthiopiae
1085 3445 1163 3516 par·

56 3551 144 3628 tem,
174 3539 227 3612 nii
257 3541 295 3609 in
324 3538 414 3611 Asia
443 3539 536 3610 ultra
566 3537 757 3633 Gangem
786 3538 902 3609 multo
932 3541 1050 3610 minus
1080 3541 1162 3611 novi

56 3733 209 3799 argument,
228 3741 258 3779 aa
275 3723 297 3778 it
315 3741 409 3778 ooeurs
430 3725 509 3795 again
528 3724 557 3777 in
576 3741 592 3777 a
667 3724 693 3763 ⁴⁹
711 3722 753 3778 cf.
779 3723 841 3778 infr.
868 3723 890 3778 1.
909 3723 952 3787 84.
995 3723 1061 3779 'l'his
1085 3724 1162 3796 igno-

56 3806 106 3862 iev
124 3821 219 3877 pagos.
238 3802 274 3872 (Ι.
288 3804 350 3874 77);
374 3820 404 3859 aa
422 3804 479 3858 also
499 3803 527 3856 in
546 3801 592 3856 the
632 3821 710 3859 rauce
729 3803 760 3857 oi
780 3801 825 3857 the
846 3803 953 3874 regions
974 3803 1005 3858 of
1020 3803 1066 3859 the
1083 3802 1164 3875 globo

57 3884 128 3941 Λᾶν.
138 3884 170 3939 oi
179 3882 324 3953 learning,
332 3900 360 3953 p.
369 3899 420 3954 493
439 3882 492 3937 and
505 3882 533 3936 in
545 3880 592 3936 the
631 3881 721 3938 would
739 3891 786 3938 not
804 3899 877 3937 seam
894 3900 925 3937 so
941 3890 1015 3952 great
1027 3900 1061 3937 an
1073 3884 1123 3938 evil
1136 3891 1164 3938 at

58 3962 147 4019 snum
159 3961 258 4034 hbyr.
271 3962 286 4030 §
297 3961 324 4016 8.
631 3961 689 4016 first
710 3961 796 4033 sight3
819 3960 868 4016 but
889 3962 925 4016 eil
945 3969 1004 4016 true
1024 3979 1163 4033 gsognosy

91 4041 119 4082 ⁴⁸
135 4039 204 4096 'l'his
216 4040 311 4112 saping
325 4040 349 4095 is
364 4039 434 4094 from
448 4038 532 4102 Plato,
544 4037 591 4092 'ii-
631 4040 686 4095 and
697 4050 851 4113 astronomy
864 4039 967 4111 depend
982 4058 1019 4095 on
1037 4059 1052 4094 a
1070 4041 1162 4095 know·

58 4138 144 4178 maens
157 4137 192 4175 22
204 4119 232 4175 b.
246 4113 283 4173 Ὠ
301 4121 397 4183 Σόλων,
416 4121 512 4182 Σόλων,
524 4115 590 4170 Ἔλ·
631 4120 708 4191 ledge
720 4120 751 4175 oi
766 4119 812 4174 the
823 4118 1021 4191 (proximately)
1033 4119 1164 4191 spherical

57 4195 352 4270 ληκςᾶιὶπαῑδίςδστε·
364 4195 591 4270 γίρωνδὶἜλλην
632 4199 714 4270 shape
725 4199 756 4253 oi
768 4198 814 4253 the
830 4198 918 4270 globe.
955 4198 1019 4253 And
1037 4197 1164 4269 certainly

60 4278 104 4333 οὐκ
115 4279 197 4334 ἔστιν
216 4306 288 4318 —
299 4275 419 4346 οὐδεμίαν
429 4277 481 4349 γὰρ
497 4276 525 4329 ἐν
535 4277 591 4332 ταῖς
631 4278 677 4333 the
688 4276 793 4350 grauth
802 4278 833 4332 oi
841 4279 876 4332 all
888 4277 1045 4349 knowledge
1058 4276 1163 4331 seemed

59 4358 160 4429 ψυχαῖς
177 4357 253 4429 ἔχετε
271 4353 304 4410 δι’
318 4356 429 4428 ἀρχαίαν
445 4355 523 4424 ἀκοὴν
541 4375 590 4408 πα·
632 4367 660 4412 to
681 4358 715 4413 be
735 4355 858 4411 attached
876 4375 938 4429 very
955 4357 1052 4428 closely
1070 4363 1098 4408 to
1118 4354 1164 4409 the

60 4436 134 4492 λαιὸν
145 4435 228 4506 δόξαν
242 4434 302 4490 οὐδὲ
319 4435 423 4504 μάθημα
439 4437 526 4509 χρόνῳ
543 4455 592 4488 πο·
633 4454 757 4508 progrses
778 4435 809 4490 oi
827 4434 965 4508 discovery
984 4435 1012 4489 in
1033 4433 1079 4488 the
1100 4432 1163 4506 15th

62 4513 212 4571 uastam
250 4513 277 4569 lt
294 4513 318 4569 is
335 4514 392 4569 also
409 4515 489 4586 given
507 4513 535 4566 in
547 4511 593 4567 the
633 4514 917 4571 and16thoanturies.

65 4592 130 4650 Λᾶν.
142 4595 174 4650 oi
184 4592 329 4664 learning,
340 4610 368 4663 p.
376 4592 420 4661 58.
