2708 5226
486 582 575 649 LIB.
590 582 619 646 1.
636 583 688 664 78,
705 600 755 668 79
1129 581 1172 650 67

56 749 175 821 minus
202 757 415 843 temporum
438 770 544 840 quam
570 748 755 842 regionum
781 746 890 817 eremi
915 756 953 817 et
975 748 1169 820 vastitates.

57 865 141 939 Tres
164 868 272 939 enim
297 874 439 937 tantum
462 865 701 937 doctrinarum
723 861 962 934 revolutiones
979 873 1017 934 et
1034 864 1170 958 periodi

59 991 156 1055 recte
186 983 375 1054 numerari
405 990 572 1075 possunt:
608 1002 689 1064 una,
720 979 813 1072 apud
844 977 987 1050 Graecos
999 1001 1009 1062 ;
1047 979 1170 1064 altera,

60 1101 154 1195 apud
176 1100 385 1188 Romanos3
410 1099 546 1183 ultima,
564 1099 659 1193 apud
682 1121 757 1181 uos,
774 1097 1013 1169 occidentales
1035 1098 1172 1170 scilicet

61 1213 223 1310 Europae
252 1216 435 1288 nationes:
472 1216 600 1308 quibus
627 1214 773 1309 singulis
801 1215 861 1284 vix
888 1213 971 1284 duae
998 1217 1171 1286 centuriae

61 1355 241 1405 annorum
261 1333 392 1403 merito
414 1331 561 1402 attribui
582 1338 743 1423 possunt.
796 1328 922 1402 Media
938 1330 1063 1401 mundi
1080 1340 1172 1403 tcm-

62 1470 159 1542 pora,
185 1449 307 1543 quoad
331 1449 559 1520 scientiarum
588 1456 747 1541 segetem
776 1446 923 1518 uberem
951 1454 1013 1517 aut
1041 1445 1172 1531 laetam,

61 1564 223 1638 infelicia
247 1565 405 1635 fuerunt.
457 1563 589 1656 Neque
615 1564 711 1634 enim
735 1584 840 1634 causa
862 1569 919 1634 est
942 1572 984 1633 ut
1007 1563 1063 1633 vel
1080 1561 1172 1635 Ara-

62 1680 150 1752 bum
164 1680 225 1754 vel
237 1680 529 1752 scholasticorum
541 1679 677 1752 mentio
690 1679 773 1749 fiat:
800 1680 860 1771 qui
880 1702 944 1772 per
959 1680 1172 1751 intermedia

61 1806 229 1892 tempora
243 1797 410 1869 scientias
431 1798 552 1890 potius
568 1797 813 1867 contriverunt
830 1797 1026 1867 numerosis
1043 1803 1173 1867 tracta-

62 1914 171 1998 tibus.
199 1936 308 2008 quam
337 1914 477 2007 pondus
507 1934 628 1985 earum
658 1919 846 1983 auxerunt.
904 1909 1032 2005 Itaque
1058 1914 1172 2006 prima

61 2053 171 2104 musa
196 2041 274 2103 tam
304 2028 423 2124 pusilli
455 2030 492 2099 in
520 2029 679 2101 scientiis
708 2028 888 2120 profectus
918 2029 963 2098 ad
993 2030 1172 2122 angustias

63 2146 236 2242 temporis
253 2168 338 2240 erga
354 2144 433 2216 illas
450 2145 593 2240 propitii
611 2144 678 2216 rite
696 2154 735 2216 et
752 2143 876 2214 ordine
894 2143 1055 2214 refertur.

99 2402 167 2480 'Aa
184 2407 344 2479 secundo
361 2406 440 2479 loco
456 2429 494 2477 se
515 2306 747 2480 ffiffisa
768 2406 829 2478 illa
851 2408 972 2502 magni
993 2415 1092 2477 certe
1109 2430 1172 2499 per

62 2525 184 2596 omnia
207 2523 404 2595 momenti:
430 2546 473 2594 ea
488 2523 666 2606 uidelicet,
685 2525 778 2617 quod
801 2546 865 2617 per
885 2521 962 2593 illas
979 2523 1072 2615 ipsas
1089 2531 1171 2593 aeta·

61 2649 125 2724 tea,
153 2639 289 2734 quibus
319 2639 502 2710 hominum
537 2639 680 2734 ingenia
712 2650 750 2711 et
784 2638 899 2712 literae
929 2638 1084 2709 maxime
1115 2638 1170 2709 vel

62 2758 172 2828 etiam
197 2754 429 2827 mediocriter
450 2754 645 2837 floruerint,
667 2755 838 2828 naturalis
860 2755 1083 2850 philosophia
1105 2757 1171 2825 mi-

63 2872 199 2945 nimam
222 2881 361 2965 partem
384 2871 549 2942 humanae
569 2895 683 2965 operae
700 2873 825 2944 sortita
842 2874 899 2943 sit.
951 2870 1075 2965 Atque
1092 2871 1170 2945 haec

62 2988 136 3083 ipm
158 2989 393 3060 nihilominus
417 3011 637 3084 promugna
661 2990 889 3061 scientiarum
911 2998 1026 3060 matre
1048 2989 1170 3060 haberi

63 3104 184 3180 dehet.
238 3103 375 3177 Omnes
400 3105 496 3177 enim
522 3115 617 3177 artes
642 3117 681 3178 et
707 3107 873 3190 scientie,
898 3106 943 3178 ab
969 3106 1036 3176 hac
1061 3107 1170 3199 stirpe

60 3223 221 3306 revulsae,
239 3220 422 3315 poliuntur
440 3222 596 3305 fumasse,
614 3233 652 3293 et
669 3222 706 3292 in
724 3245 828 3294 usum
846 3222 1083 3316 effinguntur3
1107 3222 1168 3292 sed

61 3339 109 3411 uil
126 3338 327 3412 admodum
344 3346 518 3410 crescunt.
570 3337 624 3409 At
646 3339 876 3409 manifestum
898 3347 962 3420 est,
981 3348 1169 3430 postquam

61 3455 265 3527 Christiana
294 3455 381 3526 fides
410 3465 554 3547 recepta
584 3455 709 3525 fuisset
743 3463 781 3524 et
812 3452 1031 3536 adolevisset,
1063 3452 1168 3547 longe

61 3574 257 3645 maximam
292 3570 515 3666 ingeniorum
551 3571 918 3664 prestantissimorum
954 3578 1092 3662 purtem
1122 3570 1167 3639 ad

61 3687 281 3782 theolegium
303 3709 342 3758 se
364 3686 577 3773 contulisse;
604 3696 712 3778 atque
729 3685 813 3757 huic
830 3685 881 3756 rei
899 3695 936 3756 et
953 3684 1168 3779 amplissima

61 3805 207 3899 praemia
228 3806 419 3897 proposita,
438 3813 476 3874 et
492 3804 608 3874 omnis
624 3805 764 3897 generis
781 3802 987 3893 adjumenta
1002 3803 1168 3896 copiosis-

60 3922 150 3995 rime
177 3919 445 3992 subministrata
474 3920 603 3991 fuisse:
640 3930 748 4013 atque
778 3919 847 3989 hoc
876 3919 1064 4015 theologiae
1094 3929 1168 3991 stu-

61 4133 160 4191 lndian
180 4133 342 4206 philosophy
349 4156 358 4199 ς
385 4132 490 4206 though
511 4134 533 4188 it
553 4140 593 4190 at·
635 4152 715 4190 never
732 4133 766 4189 be
781 4135 848 4189 lost:
868 4134 921 4189 and
934 4133 1105 4190 somanlrind
1117 4152 1168 4189 can

58 4213 150 4271 eumd
164 4230 229 4286 very
241 4211 423 4269 considerable
440 4221 519 4267 note:
540 4212 594 4268 and
635 4231 715 4269 never
730 4212 808 4284 again
823 4212 870 4268 tall
882 4214 952 4269 from
964 4215 999 4268 its
1011 4212 1168 4269 dhmaencs

59 4301 113 4349 tvo
133 4292 268 4349 murias
288 4290 330 4347 lor
348 4290 449 4346 Graece
469 4289 523 4345 and
542 4299 594 4346 two
635 4310 667 4347 or
681 4293 717 4347 its
734 4292 900 4348 civilization.
938 4292 1046 4347 Forthc
1057 4301 1128 4346 want
1139 4291 1171 4345 ol

61 4368 102 4427 1oe
120 4370 209 4427 Rome
227 4387 300 4425 seam
318 4387 383 4442 vary
399 4369 475 4424 little.
511 4368 596 4424 What
636 4371 786 4443 originality
803 4371 832 4426 in
850 4370 895 4426 the
911 4371 1027 4426 Arabiau
1045 4369 1166 4424 Philoso-

63 4464 79 4503 ι
101 4458 161 4506 nat
188 4447 332 4504 differtum
357 4447 477 4520 printiug
502 4448 595 4503 makes
636 4449 716 4520 phere
724 4448 877 4505 mentioned
889 4446 1166 4505 belowseeGibbon’s

64 4526 92 4583 iu
110 4527 165 4587 thiu
188 4531 310 4600 mpectl
338 4527 375 4583 its
396 4525 597 4597 “Exponentia
638 4527 814 4583 Decliueaud
828 4527 892 4592 Fell,
905 4528 1036 4599 chap.5a.

65 4604 240 4673 haufare
251 4622 296 4663 are
303 4615 377 4661 wont
388 4613 418 4661 to
428 4604 537 4669 ϋοὶἰονο,
547 4622 596 4661 can

691 4717 754 4768 1²2
