2708 5226
215 527 280 589 242
543 523 716 588 NOVUM
738 522 987 588 ORGANUM.

211 692 299 762 mari
322 689 369 760 sit
391 695 536 759 arcuata
558 688 670 781 magis
687 697 724 758 et
747 689 912 772 rotunda,
928 687 1183 760 attollentibus
1200 712 1238 760 se
1253 690 1311 760 sci-

210 807 297 879 licet
313 805 413 899 aquis
429 805 467 874 in
483 803 602 874 medio
624 805 741 887 maris,
759 813 798 875 et
818 804 1067 876 deficientibus
1086 804 1310 889 circulatam

212 945 290 1014 quae
316 929 400 992 aunt
427 918 552 1002 litora3
578 927 617 990 et
641 919 679 989 in
706 918 860 990 fluxibus
890 919 1017 992 eadem
1040 920 1251 1014 superficies
1272 923 1312 992 sit

211 1038 324 1132 magia
358 1035 464 1129 plana
496 1043 535 1106 et
564 1056 674 1127 aequa,
704 1036 935 1107 redeuntibus
964 1035 1105 1108 scilieet
1138 1037 1243 1130 aquis
1272 1038 1310 1109 td

212 1155 365 1247 priorem
391 1174 492 1222 snam
517 1151 751 1242 positionem
777 1161 856 1221 tum
874 1159 972 1222 oerte
994 1152 1173 1245 perhanc
1190 1152 1314 1225 instan-

213 1270 298 1341 tiam
315 1267 520 1340 decisoriam
538 1275 658 1359 potest
680 1266 788 1359 recipi
816 1266 968 1338 sublatio
993 1268 1151 1360 pervim
1175 1291 1314 1363 magne

212 1387 343 1468 ticam;
367 1384 472 1456 aliter
498 1405 639 1476 prorsus
670 1381 904 1474 abjudicanda
933 1390 999 1452 eat
1052 1381 1140 1454 Hoc
1169 1386 1313 1455 veroin

213 1501 314 1572 fretis
343 1524 407 1594 par
435 1499 546 1570 lineas
575 1499 735 1570 nauticas
769 1522 842 1569 non
873 1498 1017 1570 difficile
1053 1508 1111 1570 ast
1144 1502 1314 1593 experiri3

214 1616 381 1687 videlicet
411 1624 531 1686 utrum
566 1616 603 1684 in
637 1612 832 1686 refluxibus
862 1636 983 1686 versus
1017 1615 1181 1686 medium
1215 1618 1315 1687 maris

214 1755 311 1804 mare
342 1755 412 1802 non
439 1733 487 1801 sit
515 1731 628 1824 magis
656 1729 771 1800 altum
796 1731 872 1802 sive
899 1730 1130 1824 profundum,
1148 1755 1256 1825 qnam
1281 1735 1314 1803 in

215 1847 381 1918 fluxibus.
433 1846 642 1916 Notandum
673 1856 795 1916 autem
826 1855 893 1928 est,
923 1847 952 1916 si
982 1845 1052 1917 hoc
1082 1848 1136 1919 ita
1162 1848 1220 1931 sit,
1243 1848 1315 1920 fieri

217 1962 355 2050 (contra
371 1984 412 2032 ac
429 1963 601 2052 creditur)
620 1970 661 2031 nt
683 1960 853 2033 attollant
874 1984 912 2032 se
934 1984 1035 2055 aquae
1058 1962 1096 2032 in
1114 1963 1315 2044 refluxibus,

215 2078 409 2150 demittant
433 2100 471 2148 se
497 2087 641 2148 tantum
663 2079 701 2148 in
718 2076 886 2160 fluxibus,
902 2078 954 2149 ita
978 2086 1019 2149 ut
1042 2077 1152 2150 litora
1170 2082 1316 2152 vestiant

214 2205 253 2267 et
270 2195 456 2265 inundent.

266 2309 330 2400 (2.)
359 2308 542 2393 Similiter,
560 2311 607 2380 sit
631 2318 759 2379 natura
783 2309 966 2400 inquisita,
989 2318 1113 2379 motus
1139 2311 1316 2383 rotationis

214 2424 488 2522 spontaneus¹⁰;
514 2436 552 2498 et
574 2427 771 2520 speciatim,
790 2435 911 2496 utrum
935 2433 1055 2496 motus
1079 2428 1241 2514 diurnus,
1260 2452 1319 2523 per

215 2569 322 2637 quem
345 2543 397 2614 sol
422 2553 457 2613 et
481 2541 592 2614 stellae
613 2543 657 2612 ad
676 2552 905 2633 conspectum
924 2550 1085 2612 nostrum
1104 2545 1269 2616 oriuntur
1283 2557 1316 2617 et

216 2663 392 2742 occidunt,
410 2661 456 2731 sit
474 2670 593 2729 motus
614 2661 799 2730 rotationis
817 2682 921 2730 verus
947 2661 982 2728 in
1007 2660 1236 2746 coeiestibus;
1260 2675 1316 2734 aut

216 2789 334 2847 motus
351 2799 522 2869 apparens
546 2777 582 2845 in
601 2774 814 2859 coelestibus,
833 2798 935 2846 verus
961 2778 997 2845 in
1026 2787 1132 2848 terra
1186 2780 1316 2852 Poterit

217 2918 293 2964 esse
323 2891 489 2963 instantia
522 2892 635 2962 crocia
662 2913 767 2983 super
801 2891 868 2961 hoc
902 2892 1106 2983 subjectum
1142 2894 1234 2965 talia
1282 2895 1314 2964 Si

217 3010 417 3080 inveniatur
439 3007 708 3098 motus.aliqnis
730 3007 768 3076 in
793 3030 927 3078 oceano
949 3008 995 3077 ab
1018 3010 1160 3080 oriente
1179 3015 1217 3082 in
1234 3012 1317 3082 occi·

218 3127 374 3206 dentem,
405 3124 491 3195 licet
524 3124 714 3194 admodum
750 3121 938 3216 languidus
972 3132 1010 3194 et
1045 3137 1257 3199 enervatus:
1290 3127 1314 3196 si

218 3242 313 3313 idern
343 3249 463 3310 motus
493 3239 689 3330 reperiatur
718 3239 823 3330 paulo
851 3239 1032 3310 incitatior
1056 3243 1095 3311 in
1122 3245 1214 3328 aire,
1241 3266 1316 3337 prae·

218 3359 340 3430 sertim
366 3359 458 3426 intra
479 3356 642 3448 tropicos,
659 3355 719 3424 ubi
746 3364 890 3447 propter
915 3357 1064 3448 majores
1092 3359 1245 3431 circulos
1268 3369 1314 3431 ast

218 3475 331 3568 magis
350 3470 607 3566 perceptibilis:
635 3471 663 3540 si
688 3471 783 3540 idem
804 3482 922 3542 motus
939 3472 1137 3564 reperiatur
1154 3475 1194 3545 in
1210 3476 1314 3547 humi·

220 3592 364 3661 lioribus
390 3589 547 3668 cometis,
559 3589 636 3680 jam
663 3589 776 3658 factus
800 3589 899 3658 vivus
924 3599 961 3659 et
986 3588 1145 3662 validus:
1174 3594 1203 3664 si
1229 3594 1312 3664 iden

220 3721 338 3780 motus
361 3710 557 3802 reperiatur
578 3708 616 3777 in
640 3707 799 3799 planetis,
818 3709 869 3777 ita
892 3717 1012 3778 tamen
1036 3709 1263 3801 dispensatus
1282 3717 1312 3780 ct

220 3826 421 3920 graduatus,
436 3834 477 3892 ut
494 3847 564 3916 quo
582 3825 724 3916 propius
741 3822 871 3893 absita
888 3833 991 3903 terra,
1005 3825 1052 3893 sit
1069 3826 1228 3914 tardior;
1253 3847 1312 3919 quo

221 3943 371 4036 longius,
394 3940 562 4022 celerior3
587 3952 696 4033 atque
721 3942 757 4009 in
783 3939 874 4010 coeiu
900 3940 1046 4009 demum
1071 3942 1252 4015 stellatoll
1275 3943 1311 4014 sit

259 4078 337 4132 1⁰cf.
356 4095 430 4147 supr.
444 4076 482 4131 ΙΙ.
495 4091 521 4148 5.
538 4077 585 4143 (ad
602 4077 662 4145 tin.)
698 4076 749 4130 We
790 4093 878 4139 mera3
900 4075 1112 4148 forncgleeting
1131 4075 1310 4145 Gnuaonnd

221 4150 288 4204 need
310 4167 356 4220 say
374 4165 410 4201 uo
431 4166 505 4202 more
526 4148 608 4202 about
629 4148 683 4202 this
704 4165 749 4201 ex·
790 4155 945 4225 apparently
968 4155 1010 4210 for
1037 4154 1121 4228 being
1149 4154 1313 4230 {gnomoni

221 4226 319 4298 ploded
337 4226 463 4289 doctrine,
478 4226 542 4280 than
561 4227 618 4280 that
636 4228 664 4280 in
683 4229 750 4296 spite
793 4232 914 4302 Kepier’s
927 4233 1013 4287 lawa.

222 4307 251 4362 oi
266 4306 312 4360 the
329 4306 443 4375 apology
454 4313 483 4358 to
501 4304 534 4358 ba
551 4304 629 4359 mado
642 4305 684 4359 ior
698 4305 749 4359 Ba·
829 4310 850 4349 ¹¹
868 4310 956 4365 Bacon
968 4310 1022 4365 had
1039 4329 1055 4365 a
1070 4321 1168 4386 strong
1185 4316 1269 4387 liking
1277 4313 1311 4367 ior

223 4404 274 4441 con
292 4387 348 4454 (see
366 4391 428 4437 note
447 4381 703 4452 t011.5.),hewas
723 4395 750 4439 to
791 4387 837 4443 the
858 4388 977 4444 doctrina
996 4389 1027 4443 oi
1048 4395 1202 4449 concontric
1223 4395 1308 4453 circis,

223 4483 297 4520 sornc
318 4462 412 4534 degree
434 4461 555 4532 culpabis
573 4463 615 4517 ior
635 4464 751 4534 ranking
791 4467 855 4521 with
873 4467 955 4522 Terra
976 4467 1018 4523 ior
1037 4487 1054 4524 a
1074 4481 1166 4527 contre
1186 4469 1309 4544 point:in

224 4542 388 4613 Copernicus
406 4538 470 4593 with
491 4538 536 4594 tha
555 4540 601 4594 oid
619 4541 749 4598 Astrono·
790 4544 837 4599 the
857 4554 1004 4602 outermoat
1023 4547 1054 4601 oi
1071 4548 1162 4604 which
1181 4553 1268 4607 circlos
1282 4548 1309 4601 ln
