2708 5226
147 558 211 626 190
472 551 646 616 NOVUM
670 549 921 616 ORGANUM.

146 723 303 793 maxime
320 720 519 791 ostenditur
542 719 579 788 in
597 717 749 800 llammn,
768 739 848 809 quae
870 725 1042 809 perpetuo
1062 723 1222 799 morctnr;
1275 679 1277 767 i

146 847 185 907 et
201 839 238 907 in
257 836 453 928 liquoribus
469 835 690 906 ferventibus
713 843 778 905 aut
800 831 1043 914 bullientibus,
1059 832 1121 924 qni
1136 832 1224 903 etiam

146 963 320 1046 perpetuo
339 960 539 1022 moventur.
590 947 715 1042 Atque
740 948 943 1023 ostenditur
967 948 1078 1023 etiem
1102 949 1138 1018 in
1159 946 1228 1018 inci·

148 1070 284 1140 tutione
300 1069 375 1138 sire
391 1069 613 1138 incremento
633 1063 759 1135 caloris
777 1065 873 1135 facto
890 1085 955 1156 per
970 1071 1131 1145 motum3
1153 1064 1230 1132 ntin

147 1183 303 1267 follibus,
328 1190 367 1252 et
393 1182 529 1253 ventis:
565 1180 611 1250 de
640 1200 712 1270 quo
742 1179 827 1250 vide
852 1175 1002 1250 Imtcnt
1025 1183 1089 1258 29.
1116 1174 1192 1251 Tri.
1205 1182 1231 1248 t.

148 1297 274 1391 Atque
299 1296 462 1368 similiter
487 1297 523 1366 in
550 1295 629 1366 aliis
653 1295 769 1366 modis
794 1303 925 1378 motus,
948 1295 996 1365 de
1021 1294 1151 1387 quibus
1167 1293 1234 1364 ride

148 1412 299 1486 Instant.
317 1418 378 1484 28.
404 1420 437 1484 ct
459 1415 522 1483 31.
551 1408 634 1481 Tac.
654 1415 688 1481 3.
741 1409 879 1482 Rursus
903 1411 1106 1483 ostenditur
1128 1411 1164 1482 in
1186 1432 1235 1481 ex-

148 1530 324 1601 tinctione
342 1529 434 1621 ignis
447 1537 485 1600 et
498 1525 624 1638 caloris
640 1549 704 1618 per
720 1548 867 1598 omnem
879 1526 1009 1598 fortem
1027 1528 1236 1620 compremo

149 1667 244 1726 nem,
262 1666 341 1736 qnae
365 1642 490 1714 fraenat
513 1652 552 1714 et
576 1663 712 1712 cessare
728 1638 815 1711 facit
835 1650 995 1712 motum:
1022 1641 1069 1711 de
1087 1664 1156 1734 qna
1170 1640 1236 1710 vide

149 1758 299 1830 Instant.
319 1764 378 1829 30.
404 1767 436 1829 et
459 1764 519 1830 32.
549 1754 633 1828 ch.
652 1762 687 1828 3.
738 1755 954 1829 Ostenditur
978 1759 1090 1830 etiam
1114 1761 1152 1829 in
1173 1759 1236 1839 hoc

150 1875 247 1967 quod
276 1895 383 1944 omne
417 1897 544 1966 corpus
576 1874 780 1955 destruitur,
811 1882 875 1944 aut
907 1872 1037 1946 saltem
1070 1875 1238 1969 insigniter

150 1990 330 2073 alteratur,
347 1988 393 2060 ab
420 1991 517 2060 omni
545 1990 629 2083 igne
656 1998 695 2059 et
720 1988 838 2061 cnlore
863 1990 946 2060 forti
972 2013 1016 2062 ac
1041 1991 1237 2063 vehementi.

152 2103 262 2177 Unde
287 2104 422 2197 liquido
447 2104 690 2186 constantien
712 2127 735 2174 a
754 2104 872 2175 calore
894 2105 1095 2176 tumultum
1119 2114 1158 2178 et
1176 2127 1238 2199 per·

151 2222 403 2302 turbationem,
420 2227 458 2290 et
476 2230 615 2291 motum
632 2242 762 2304 acrem,
779 2221 815 2290 in
835 2221 994 2314 partibus
1015 2222 1164 2295 internis
1178 2243 1237 2293 cor·

123 2341 265 2451 aporis3
290 2337 350 2429 qni
370 2337 501 2407 sensim
517 2336 634 2429 vergit
649 2336 695 2407 ad
714 2335 993 2408 diaeolntionem.

203 2449 432 2545 Intelligatnr
448 2451 526 2534 hoc,
543 2452 638 2543 qnod
657 2451 813 2523 diximus
836 2453 882 2522 de
905 2460 1018 2535 motu,
1039 2454 1193 2547 (nempe,
1208 2459 1238 2521 nt

151 2571 199 2640 sit
224 2571 335 2639 instar
359 2570 499 2661 generis
525 2569 569 2638 ad
595 2567 764 2660 calorem)
783 2591 853 2637 non
871 2569 967 2661 qnod
990 2568 1089 2640 calor
1110 2575 1238 2664 generet

152 2694 301 2767 motum,
320 2693 382 2754 aut
398 2685 493 2776 quod
512 2692 630 2754 motus
647 2694 795 2777 generet
812 2684 976 2768 calorem,
996 2684 1099 2773 (licet
1121 2696 1159 2757 et
1180 2685 1238 2754 hac

153 2802 191 2869 in
217 2800 393 2892 aliquibus
414 2822 496 2870 vera
520 2801 607 2889 sint)
625 2800 686 2870 sed
713 2800 808 2891 quod
835 2802 1030 2892 ipsissimus
1055 2802 1160 2886 color,
1181 2801 1239 2870 sire

153 2914 242 3010 qnid
258 2912 408 3010 t'parcn27
425 2915 549 2986 caloris
565 2917 612 2985 sit
629 2926 757 2998 motus,
775 2926 814 2987 et
831 2916 919 2985 nihil
937 2916 1056 2987 aliud:
1084 2919 1240 2988 limitatus

153 3040 274 3102 tamen
305 3055 367 3124 per
393 3029 618 3126 dfferenticn
641 3054 728 3124 quas
754 3054 839 3102 mox
869 3032 1137 3128 subjungemus,
1161 3042 1240 3128 post

153 3171 260 3239 quarn
288 3147 475 3218 nonnullas
503 3149 685 3219 cautiones
714 3148 948 3241 adjecerimus
977 3149 1022 3219 sd
1052 3150 1239 3221 evitandum

154 3266 389 3357 aequivocum.

204 3381 369 3452 Calidum
393 3380 436 3450 ad
462 3400 617 3461 sensum,
635 3401 690 3450 res
713 3381 911 3472 respectiva
927 3388 992 3462 est,
1010 3391 1050 3452 et
1073 3383 1111 3452 in
1134 3381 1242 3453 ordine

153 3497 198 3566 ad
222 3497 415 3581 hominem,
435 3519 504 3565 non
532 3496 576 3566 ad
604 3497 828 3566 universum:
855 3504 893 3564 ot
920 3498 1067 3587 ponitur
1094 3508 1189 3569 recte
1211 3502 1243 3564 ut

154 3612 303 3683 effectus
320 3611 444 3683 caloris
467 3620 609 3682 tantum
632 3611 669 3680 in
695 3611 858 3702 spiritum
880 3610 1132 3683 animalemfflr
1158 3613 1245 3706 quin·

155 3728 264 3797 etiam
288 3730 325 3797 in
349 3750 387 3798 se
409 3729 485 3818 ipso
508 3750 563 3799 res
581 3727 676 3797 varia
693 3734 759 3807 est,
777 3749 860 3796 cum
878 3727 974 3797 idern
992 3751 1122 3822 corpus
1140 3733 1245 3822 (prout

154 3865 276 3914 sensus
294 3844 578 3936 proedisponitur)
596 3843 742 3913 inducat
765 3845 1032 3936 perceptionem
1053 3854 1130 3916 tam
1153 3843 1244 3916 calidi

155 3981 263 4051 quam
280 3958 421 4052 frigidi:
448 3968 489 4028 ut
505 3967 605 4053 patet
623 3982 686 4052 per
701 3956 850 4029 Instant.
866 3964 925 4030 41.
948 3957 1032 4030 Tan
1047 3967 1081 4031 3.

206 4075 336 4166 Neque
357 4097 439 4145 vero
466 4078 742 4147 communicatio
769 4071 906 4162 caloris,
928 4078 1001 4148 sive
1028 4089 1159 4150 nat-ura
1183 4078 1247 4169 ejus

190 4329 215 4372 π
228 4337 246 4361 “
256 4331 404 4402 ipsissimas
414 4331 493 4386 Calor
505 4333 560 4387 sive
570 4331 634 4403 pisid
644 4333 685 4403 ip·
725 4331 748 4386 il
759 4331 850 4386 Boron
862 4332 980 4388 belim
993 4333 1051 4388 that
1062 4332 1098 4389 bo
1113 4333 1167 4390 bad
1178 4332 1249 4402 really

154 4430 210 4465 snm
223 4410 503 4465 Caloris'’-essential
517 4412 595 4475 lleet,
607 4429 638 4465 or
655 4413 686 4466 rt
726 4409 838 4465 reached
850 4411 896 4465 the
909 4412 997 4466 Form.

155 4491 181 4545 ri
203 4488 235 4558 ἦν
253 4485 316 4543 εἶναι
339 4489 370 4543 ol
392 4488 471 4544 Heat
507 4489 578 4544 'lbet
598 4489 685 4544 which
762 4489 788 4528 ²⁸
801 4489 853 4544 For
864 4499 926 4544 note
941 4508 978 4544 on
991 4490 1110 4561 spirim
1121 4489 1248 4547 M.

156 4571 247 4624 malros
263 4569 284 4622 it
296 4568 366 4622 what
378 4569 398 4622 it
411 4569 441 4621 is.
477 4567 544 4622 This
561 4569 638 4622 looks
657 4587 685 4622 ae
727 4586 771 4622 aec
782 4568 844 4624 infr.
858 4568 896 4624 ll.
910 4582 952 4639 27.
