2708 5226
551 529 640 594 ms.
667 529 711 594 11.
734 551 785 616 39.
1155 531 1219 597 aar

116 691 207 774 visa3
237 688 295 761 vel
316 698 357 760 ut
379 692 511 785 majore
529 691 737 776 intervallo;
764 690 819 764 vel
844 701 885 763 ut
905 693 1064 764 exactius
1086 699 1124 763 et
1149 693 1220 764 dis·

116 808 276 878 tinctius.

164 920 281 993 Primi
299 927 440 1018 generis
457 935 540 997 sunt
557 924 686 1014 (missis
707 923 930 1009 bisooulis³²,
949 935 986 996 et
1003 925 1219 1019 hujusmodi,

114 1064 193 1132 qnae
209 1039 335 1111 valent
353 1050 493 1112 tantum
517 1044 561 1113 ad
580 1043 824 1138 corrigendam
849 1052 887 1112 et
912 1042 1098 1114 levandam
1124 1042 1221 1113 infir·

114 1157 281 1227 mitatem
301 1157 396 1227 visus
413 1181 484 1228 non
503 1159 593 1229 bene
611 1159 782 1253 dispositi,
800 1168 909 1250 atque
931 1160 1011 1230 ideo
1033 1159 1120 1229 nihil
1144 1181 1220 1229 am-

115 1271 209 1364 phus
238 1271 448 1361 informant)
478 1298 531 1357 ea,
559 1299 636 1367 quae
663 1298 777 1367 nuper
804 1267 950 1345 inv‘enta
979 1283 1062 1345 sunt
1087 1276 1221 1367 perspi·

115 1387 221 1472 oilla;
256 1411 337 1480 quae
364 1387 519 1461 latentes
545 1398 582 1460 et
608 1389 803 1461 invisibiles
827 1413 1012 1482 corpomm
1038 1393 1218 1474 minutias,

115 1513 154 1576 et
184 1504 346 1576 occultos
376 1506 652 1590 schematismos,
679 1515 717 1578 et
743 1516 863 1577 motus
889 1505 1008 1596 (aucta
1033 1509 1219 1601 insigniter

113 1622 314 1712 specierum
343 1622 606 1716 magnitudine)
635 1624 899 1705 demonstrant;
930 1646 1080 1715 quorum
1108 1624 1154 1707 vi,
1181 1625 1218 1693 in

115 1736 246 1829 pulice,
272 1760 406 1822 musca,
434 1739 646 1820 vermiculis,
673 1748 838 1810 accurata
863 1741 1018 1832 corporis
1043 1740 1156 1834 ligura
1181 1748 1221 1811 et

114 1850 342 1936 lineamenta,
360 1878 427 1925 nec
452 1878 524 1925 non
550 1853 686 1925 colores
712 1863 749 1925 et
774 1866 893 1925 motus
917 1858 1014 1950 prius
1039 1880 1109 1926 non
1136 1879 1221 1928 con-

114 1969 239 2062 spicui,
269 1993 340 2040 non
371 1973 448 2042 sine
477 1972 713 2042 admiratione
742 1981 946 2043 cernuntur.
1011 1973 1217 2056 Quinetiam

113 2086 226 2168 aiunt,
249 2085 379 2159 lineam
405 2096 539 2159 rectam
564 2086 702 2158 calamo
719 2086 776 2156 vel
802 2086 969 2179 penicillo
995 2089 1219 2183 descriptam,

114 2225 178 2295 per
195 2202 398 2297 hujusmodi
416 2204 619 2299 perspioilla
645 2203 856 2297 inaequalem
881 2205 1073 2275 admodum
1092 2217 1130 2276 et
1148 2216 1221 2276 tor·

115 2328 256 2390 tuosam
274 2323 390 2392 cerni:
416 2323 499 2414 quia
516 2321 655 2392 scilicet
673 2345 741 2393 neo
758 2333 876 2393 motus
898 2344 1024 2391 manus
1046 2321 1131 2391 licet
1157 2344 1221 2414 per

115 2436 279 2531 regulum
307 2438 447 2530 adjuta,
474 2462 540 2510 neo
566 2440 753 2531 impressio
779 2439 966 2510 atramenti
993 2449 1056 2509 aut
1081 2436 1218 2520 coloris,

115 2577 242 2625 revera
271 2554 418 2647 aequalia
443 2555 622 2638 existant3
657 2556 744 2628 licet
769 2556 838 2627 illue
864 2555 1120 2648 inaequalitates
1146 2564 1219 2624 tam

117 2672 268 2741 minutae
289 2672 371 2754 sint,
391 2680 432 2742 ut
453 2673 528 2742 sine
553 2672 761 2764 adjumento
778 2673 978 2765 hujusmodi
1005 2670 1220 2765 perspioillo-

117 2810 200 2857 rum
218 2787 372 2880 conspici
390 2797 578 2880 nequeant.
608 2787 728 2859 Etiam
746 2791 1023 2882 superstitiosam
1043 2788 1221 2880 quandam

117 2904 404 2974 observationem
421 2904 458 2972 in
475 2902 542 2972 hac
559 2925 596 2973 re
615 2903 672 2993 (ut
689 2905 730 2975 fit
747 2907 783 2975 in
802 2906 907 2977 rebus
931 2906 1032 2976 novis
1048 2913 1086 2975 et
1102 2903 1217 2994 miris)

117 3019 337 3091 addiderunt
362 3019 543 3090 homines:
574 3021 639 3090 viz.
666 3022 762 3113 quod
793 3021 997 3114 hujusmodi
1024 3017 1224 3114 perspioilla

118 3157 230 3229 opera
254 3144 388 3206 naturae
414 3134 603 3217 illustrent,
620 3138 705 3206 artis
723 3136 969 3208 dehonestent.
1023 3136 1120 3207 Illud
1137 3158 1221 3206 vero

119 3250 211 3320 nihil
242 3251 337 3321 aliud
366 3260 429 3334 est,
458 3274 563 3343 quam
593 3251 686 3343 quod
715 3259 867 3321 texturae
898 3251 1075 3322 naturales
1107 3250 1222 3320 multo

118 3366 325 3439 subtiliores
354 3368 425 3438 sint
452 3390 558 3459 quam
589 3366 793 3437 artificiosae.
847 3365 1095 3458 Perspioillum
1126 3366 1222 3436 enim

119 3480 213 3552 illud
240 3482 285 3552 ad
311 3483 450 3553 minuta
475 3492 617 3553 tantum
644 3481 760 3553 valet:
793 3482 897 3574 quale
924 3480 1165 3575 perspicillum
1195 3481 1224 3550 si

121 3599 270 3670 vidisset
287 3596 553 3682 Democritus⁸³,
575 3597 777 3670 exsiluisset
805 3598 910 3683 forte,
933 3607 972 3669 et
999 3597 1147 3668 modum
1174 3597 1226 3665 vi-

118 3715 229 3786 dendi
256 3724 416 3786 atomum
434 3715 555 3808 (quam
583 3714 645 3786 ille
670 3713 886 3785 invisibilem
903 3715 1050 3785 omnino
1075 3712 1227 3784 affirma·

120 3835 189 3925 vit)
217 3833 401 3903 inventum
429 3832 536 3904 fuisse
563 3839 736 3924 putasset.
781 3829 921 3902 Verum
948 3829 1227 3923 incompetentia

118 3949 323 4042 hujusmodi
341 3949 633 4042 perspicillornrn,
648 3955 883 4043 praeterquam
900 3946 944 4018 ad
962 3946 1131 4016 minutias
1149 3953 1228 4015 tan·

117 4077 210 4147 tum,
230 4066 359 4157 (neque
381 4064 425 4134 ad
444 4065 536 4157 ipsas
555 4086 712 4159 quoque,
731 4064 759 4134 si
779 4063 912 4134 fuerint
929 4065 965 4133 in
983 4084 1129 4155 corpore
1153 4081 1228 4130 ma·

152 4245 180 4286 ⁸²
198 4245 336 4309 Bis-oculi,
361 4244 517 4316 Spectacles.
562 4245 653 4304 There
695 4245 763 4300 have
775 4246 874 4299 known
886 4243 969 4298 much
981 4241 1072 4306 about,
1083 4243 1228 4297 ortohsve

116 4327 141 4382 is
159 4326 216 4380 also
234 4341 268 4378 an
285 4335 398 4379 account
412 4325 443 4380 ol
457 4325 503 4380 the
515 4323 652 4398 “Perspi-
695 4322 762 4378 used
774 4322 889 4377 himself.
908 4321 952 4375 .lt
964 4339 1017 4376 was
1034 4321 1065 4376 ol
1077 4338 1171 4376 course
1182 4319 1229 4374 the

114 4403 237 4468 cillnnr,”
246 4420 277 4456 or
286 4401 551 4474 Magallum-ghor,
560 4403 652 4462 which
695 4420 770 4474 germ
783 4401 813 4456 ol
822 4401 868 4458 the
880 4399 1059 4472 Microscope.

117 4483 208 4538 Βιωιι
226 4480 335 4537 himself
349 4481 430 4550 (from
448 4482 491 4536 his
510 4484 652 4558 language
729 4484 756 4524 ⁸³
775 4479 818 4534 ct.
831 4497 908 4553 supr.
921 4479 945 4538 1.
958 4496 1004 4552 51,
1016 4480 1067 4538 &a

114 4560 297 4622 “Quinetiam
318 4560 424 4629 aiunt”)
442 4578 529 4616 seems
551 4570 602 4616 not
623 4574 653 4619 to

774 4672 792 4722 S
