2708 5226
125 540 193 605 m
454 535 628 603 NOVUM
651 536 900 609 ORGANUM.

127 703 190 794 qui
211 722 296 774 eum
319 702 367 773 ait
392 700 498 796 longe
523 700 617 773 infra
637 699 783 784 eoelum,
798 709 922 773 umen
948 706 1059 771 rotat
1109 697 1220 793 Atque

127 825 371 889 commentum
386 813 603 899 Ariatotelie,
620 817 666 888 de
682 814 890 911 alligatione
911 814 993 887 aire
1014 817 1223 909 sequacitate

127 939 277 1005 eometae
301 931 346 1005 ad
371 939 508 1007 astron
531 931 686 1024 aliquod,
703 931 922 1025 jnnrpridem
945 931 1138 1025 expuam
1159 941 1224 1020 θοὴ

127 1071 200 1125 non
216 1056 357 1123 tanturn
374 1050 459 1141 quia
474 1048 565 1121 ratio
581 1048 658 1140 ejus
682 1069 755 1121 non
772 1055 829 1121 aot
846 1046 1054 1140 probabilia
1071 1049 1136 1123 aad
1157 1071 1226 1142 pre

127 1173 209 1259 pter
225 1165 483 1258 experientiam
509 1163 736 1243 manifestam
761 1161 942 1237 diaeurana
967 1171 1010 1237 et
1034 1163 1226 1259 irregularia

126 1287 248 1353 motua
263 1288 482 1355 oometanrm
500 1300 563 1370 per
579 1279 676 1351 veria
692 1277 771 1351 loon
786 1277 879 1351 eoeli.

177 1394 232 1467 At
247 1418 367 1472 rursus
382 1395 453 1471 alia
468 1391 805 1489 immotiosoederie,
821 1396 915 1469 airon
931 1395 1003 1468 hoo
1021 1395 1225 1489 subjeetum

129 1520 185 1584 aet
201 1521 321 1585 motus
345 1513 455 1599 a‘e’ria3
481 1510 542 1603 qui
559 1510 655 1582 intra
671 1512 825 1603 tropiooe
846 1510 926 1602 (nbi
944 1511 1072 1585 oirouli
1090 1512 1228 1585 rotatio-

129 1627 186 1697 nia
209 1635 294 1699 aunt
318 1626 484 1721 majores)
500 1625 643 1699 videtur
659 1634 699 1698 ot
715 1627 793 1720 ipae
816 1634 936 1701 rotare
959 1627 1009 1703 ab
1033 1629 1174 1703 oriente
1194 1627 1228 1697 in

129 1741 364 1817 occidentem.

179 1854 230 1929 Et
258 1856 330 1929 alie
354 1879 472 1932 rurant
497 1856 665 1931 iaetantia
692 1858 786 1929 foret
812 1855 933 1932 fluxus
961 1866 1001 1931 et
1029 1853 1228 1933 refluxus1⁰⁰

128 1970 293 2055 mariani
319 1972 425 2043 modo
450 1995 550 2066 aqua
575 1974 659 2066 ipoae
684 1971 1000 2064 deprehendantur
1023 1974 1110 2053 farri
1134 1983 1226 2047 motu

129 2087 314 2158 rotationis
327 2086 428 2181 (licet
445 2089 546 2165 tardo
564 2099 603 2163 et
619 2088 786 2180 evanido)
798 2087 843 2161 ab
856 2089 996 2165 orlonte
1013 2090 1053 2167 io
1068 2089 1225 2167 ocoidon·

129 2212 225 2287 tenu
243 2204 296 2275 ita
311 2212 442 2287 tamem
460 2213 504 2277 nt
520 2203 574 2277 bie
591 2205 629 2275 in
646 2203 706 2276 die
721 2204 1020 2295 repomutiantur.
1060 2205 1227 2299 Itaqneri

129 2319 205 2397 heo
223 2322 275 2393 ita
299 2341 339 2395 ee
362 2320 529 2402 habeant,
546 2320 778 2392 manifestum
795 2326 862 2401 eet,
877 2328 1022 2393 motum
1047 2321 1158 2399 iatam
1180 2345 1229 2393 ro·

129 2437 276 2511 tationis
301 2459 373 2509 non
398 2436 580 2513 terminari
605 2435 643 2507 in
665 2434 878 2518 coelestibus,
895 2437 960 2509 aed
977 2438 1227 2516 oommnnloari

128 2554 201 2627 atri
219 2564 257 2624 et
273 2577 382 2645 aquo.

181 2668 301 2739 Etiam
327 2670 395 2741 ieta
420 2667 614 2760 proprietas
640 2666 784 2747 levium,
811 2666 981 2739 nimirum
1007 2678 1051 2738 ut
1077 2669 1228 2741 ferantur

128 2809 277 2868 sursum,
297 2784 441 2857 vacillat
462 2782 624 2853 nonnihil
635 2781 659 2853 ¹.
710 2781 833 2875 Atque
857 2783 896 2852 in
912 2782 983 2853 hoo
1006 2787 1102 2855 sumi
1119 2792 1228 2876 potest

129 2925 193 2995 pro
211 2901 378 2973 instantio
392 2899 544 2996 soederia
570 2899 667 2970 bulla
690 2923 804 2992 aqum.
857 2899 896 2969 Si
920 2902 1020 2971 enim
1046 2903 1107 2973 aiir
1130 2901 1228 2973 lirerit

129 3017 253 3089 subter
265 3040 405 3110 aquam,
423 3016 584 3087 ascendit
601 3017 723 3107 rapide
743 3037 861 3087 verane
878 3015 1109 3107 superficiem
1129 3040 1227 3109 aquae,

130 3143 347 3226 permotum
365 3132 468 3205 illum
482 3129 606 3228 piapen,
621 3137 744 3223 (quam
762 3138 866 3207 vocat
885 3128 1154 3225 Demooritus2)
1172 3154 1227 3225 per

129 3274 237 3344 quam
255 3274 346 3344 aqua
363 3250 580 3321 descendens
606 3249 763 3340 pereutit
788 3257 827 3318 et
851 3245 988 3319 attollit
1013 3249 1136 3321 adrem
1162 3271 1228 3320 our·

129 3390 228 3451 sum3
255 3390 327 3437 non
344 3375 465 3437 autem
484 3388 548 3457 per
565 3366 833 3436 contentionem
850 3371 913 3432 aut
929 3362 1059 3432 nixum
1076 3365 1167 3436 adria
1182 3364 1227 3455 ip

129 3485 210 3554 aius.
244 3480 368 3575 Atque
386 3480 446 3551 ubi
463 3480 508 3551 ad
526 3481 748 3572 superficiem
766 3479 877 3571 ipsam
894 3500 995 3569 aqure
1013 3487 1166 3550 ventum
1183 3479 1228 3550 fu-

129 3600 208 3682 erit,
226 3607 305 3670 tum
322 3597 510 3671 cohibetur
527 3598 587 3668 aiir
603 3595 648 3667 ab
666 3594 835 3666 ulteriore
860 3615 1008 3665 ascensu
1034 3617 1102 3687 per
1119 3595 1226 3667 levem

129 3716 375 3794 resistentiam,
389 3737 495 3806 quam
513 3715 644 3808 reperit
662 3713 699 3781 in
717 3734 809 3802 aqua
826 3734 896 3780 non
914 3710 1038 3781 statim
1059 3712 1228 3783 tolerante

128 3853 166 3901 ae
189 3829 462 3901 disoontinuari:
490 3829 541 3900 ita
564 3838 605 3900 ut
630 3827 733 3900 exilis
758 3826 950 3899 admodum
977 3826 1025 3897 ait
1050 3829 1228 3920 appetitus

130 3946 218 4016 airis
236 3944 283 4015 ad
300 3945 492 4037 superiora.

167 4165 203 4207 ¹⁰⁰
221 4166 273 4223 For
291 4165 337 4222 tho
353 4166 459 4239 Theory
471 4167 502 4221 οἰ
518 4166 563 4228 the
578 4165 659 4222 'lidae
699 4165 810 4223 iancfful
827 4165 881 4223 and
893 4164 1053 4223 nniounded
1064 4182 1096 4221 aa
1109 4165 1172 4237 they
1183 4182 1230 4231 are,

127 4253 156 4303 at
167 4253 270 4316 greater
281 4244 383 4316 length,
396 4263 439 4300 oea
452 4245 490 4301 ll.
501 4244 544 4316 36.
557 4263 617 4300 care
627 4246 646 4300 i.
699 4263 744 4301 are
767 4253 815 4300 not
842 4243 989 4315 altogether
1013 4243 1174 4299 abandoned
1196 4243 1228 4313 by

167 4323 260 4379 ¹Thia
279 4325 451 4394 speculation,
470 4333 525 4388 too,
545 4323 593 4378 baa
612 4323 658 4378 be·
700 4323 801 4379 Baton.
839 4323 883 4381 He
900 4323 947 4377 ielt
966 4339 982 4376 a
998 4332 1073 4394 great
1091 4322 1177 4394 liking
1194 4320 1231 4375 ior

128 4419 204 4458 come
222 4401 467 4473 perfamiliarem,
486 4403 559 4459 since
578 4402 657 4457 New-
699 4402 757 4456 that
769 4399 953 4471 Philosophor,
969 4418 1000 4456 aa
1018 4399 1117 4455 indeed
1135 4400 1170 4455 lna
1187 4397 1230 4454 did

127 4483 199 4536 ton’r
212 4481 369 4537 discoveriaa
381 4498 416 4535 on
429 4481 604 4537 (invitation.
697 4481 739 4537 lor
760 4481 796 4535 all
816 4479 906 4535 Mora
925 4478 971 4535 tte
992 4477 1112 4535 Socratio
1133 4475 1229 4550 period

163 4560 280 4616 ²Theae
302 4561 400 4632 πληγαὶ
424 4560 455 4615 oi
477 4559 656 4625 Democritus,
698 4558 814 4615 Ciinl'r.
828 4557 866 4615 11.
879 4557 922 4627 48·
936 4558 1039 4626 (motio
1051 4558 1092 4629 3.)
