2708 5226
204 548 270 611 240
534 546 707 611 NOVUM
730 546 977 611 ORGANUM.

206 711 320 782 mucis
336 710 429 782 oiroa
445 710 512 780 hoo
529 710 742 804 subjeetum.
787 710 938 783 Eatalis
957 719 1023 782 est.
1068 709 1109 780 Si
1132 731 1198 803 pro
1214 720 1305 783 certo

207 828 419 911 inveniatur,
436 827 531 919 quod
555 849 637 897 oum
660 827 702 897 lit
724 827 843 898 fluxus
865 829 910 899 ad
937 827 1042 898 litora
1065 827 1217 897 adversa
1239 835 1305 897 tam

207 944 360 1015 Floridae
385 966 492 1036 qnam
520 941 701 1035 Hispania
725 945 763 1013 iu
790 946 877 1016 mari
895 942 1093 1025 Atlantico,
1115 943 1184 1014 fiat
1208 943 1307 1014 simul

206 1059 325 1131 fluxus
351 1058 396 1129 ad
422 1058 528 1130 litora
549 1055 738 1142 Peruviae⁸‚
764 1069 802 1130 et
820 1063 929 1154 juxta
954 1060 1100 1132 dorsum
1122 1058 1249 1131 chinae
1273 1060 1306 1129 in

206 1176 296 1246 mari
312 1173 497 1256 Australi3
526 1183 604 1245 tum
628 1183 725 1245 certe
750 1198 813 1267 per
838 1176 930 1248 hano
954 1175 1160 1246 instantium
1186 1173 1308 1246 deciso·

206 1289 299 1361 riom
324 1290 558 1383 abjudicanda
574 1300 629 1362 ast
650 1291 810 1373 assertio,
829 1292 925 1384 quod
948 1290 1067 1362 fluxus
1091 1300 1134 1363 et
1154 1290 1308 1362 refluxus

207 1407 324 1488 maris,
341 1405 388 1476 de
405 1428 476 1496 quo
492 1406 691 1497 inquiritur,
710 1406 773 1477 liat
796 1429 859 1499 per
881 1417 1019 1477 motum
1037 1409 1307 1501 progremivum.

207 1519 340 1613 Neque
374 1522 469 1593 enim
500 1521 715 1615 relinquitur
748 1521 843 1593 aliud
876 1545 984 1605 mare,
1013 1531 1078 1593 aut
1109 1522 1223 1608 loeus,
1250 1523 1307 1594 ubi

206 1637 316 1728 possit
339 1636 383 1708 ad
410 1639 537 1708 eadem
559 1646 720 1731 tempora
745 1638 821 1709 fieri
847 1660 1035 1732 regressus,
1054 1648 1120 1708 aut
1145 1638 1307 1710 refluxus

207 1749 501 1824 Commodissima
525 1761 647 1824 autem
664 1752 733 1824 hoo
750 1753 831 1824 seiri
856 1754 977 1846 possit,
994 1753 1025 1823 si
1049 1754 1253 1846 inquiratur
1266 1753 1309 1824 ab

206 1866 332 1939 incolis
359 1867 533 1949 Punsmae,
560 1878 598 1940 et
622 1867 745 1954 Limne,
771 1869 849 1959 (ubi
875 1879 1027 1960 uterque
1052 1891 1220 1952 ooeanus,
1244 1868 1309 1940 At·

208 1981 360 2054 lantious
382 1991 420 2053 et
436 1980 623 2067 Australis,
642 2007 705 2077 per
726 2006 873 2078 parvum
891 1983 1065 2055 isthmum
1089 1984 1308 2077 separantur)

207 2106 329 2167 utrum
352 2098 397 2169 ad
421 2099 613 2169 contrarias
638 2098 759 2169 isthmi
783 2105 899 2191 partes
921 2097 985 2169 fiat
1006 2098 1115 2170 simul
1138 2099 1257 2173 fluxus
1274 2110 1309 2171 et

207 2211 365 2284 refluxus
388 2215 504 2294 maris,
521 2237 567 2285 an
588 2237 609 2286 e
632 2223 767 2285 eontra.
819 2211 959 2285 Verum
976 2211 1052 2284 haeo
1074 2214 1223 2300 denisio,
1239 2218 1309 2288 sive

207 2327 423 2422 abjudicatio
445 2339 543 2402 certa
562 2331 712 2411 videtur,
730 2331 847 2423 posito
868 2329 963 2422 quod
981 2339 1077 2400 terra
1092 2339 1169 2403 stet
1187 2334 1309 2404 immo-

208 2444 298 2516 bilis.
350 2443 456 2530 Quod
482 2447 511 2517 si
535 2455 630 2519 terra
653 2455 760 2528 rotet,
777 2445 855 2517 fieri
879 2446 1025 2516 fortasse
1050 2455 1185 2539 potest,
1203 2456 1245 2518 ut
1266 2471 1309 2519 ex

208 2560 371 2653 inaequali
399 2563 576 2633 rotatione
594 2564 783 2655 (quatenus
809 2562 853 2631 sd
877 2560 1100 2632 celeritatem
1127 2565 1205 2633 siue
1229 2563 1309 2633 inci-

208 2679 398 2769 tationem)
417 2687 529 2759 temur,
548 2688 587 2750 et
609 2700 778 2771 aquarum
796 2678 914 2760 maris,
931 2687 1102 2769 sequatur
1118 2679 1307 2772 compulsio

208 2793 364 2864 violenta
386 2817 556 2886 aquarum
575 2795 613 2864 in
632 2793 816 2863 cumulum
835 2815 982 2874 sursum,
1000 2815 1079 2884 quae
1102 2793 1150 2865 sit
1174 2795 1307 2877 fluxus;

209 2918 248 2979 et
281 2910 454 2980 relaxatio
489 2911 683 2982 earundem
718 2915 919 3003 (postquam
953 2909 1106 3001 amplius
1141 2910 1307 2982 cumulari

212 3049 282 3096 non
306 3026 553 3118 sustinuerint)
572 3027 609 3096 in
634 3027 809 3106 deorsum,
827 3047 904 3117 quse
927 3025 973 3094 sit
996 3023 1187 3097 refluxum.
1239 3024 1307 3097 Ve-

210 3164 289 3212 mm
307 3143 352 3213 de
369 3142 437 3213 hoo
456 3142 619 3213 facienda
636 3150 691 3212 est
708 3142 891 3233 inquisitio
907 3143 1109 3232 separatim.
1137 3139 1306 3212 Attamen

210 3259 318 3329 etiam
336 3258 404 3328 hoo
422 3258 615 3351 supposito,
633 3256 721 3326 illud
737 3279 838 3349 aeque
857 3265 979 3327 manet
995 3256 1121 3341 fixum,
1139 3258 1236 3349 quod
1253 3279 1306 3327 ne-

211 3397 308 3446 cesse
323 3377 371 3446 sit
388 3375 463 3445 lieri
481 3373 609 3444 alieubi
627 3372 804 3444 refluxum
817 3373 921 3445 maris
938 3372 982 3443 ad
1001 3374 1128 3443 eadem
1141 3383 1305 3469 tempora,

211 3491 338 3583 quibus
355 3492 447 3561 fiunt
465 3489 582 3560 fluxus
600 3492 635 3559 in
653 3488 729 3559 aliis
747 3490 915 3581 partibus.

262 3606 444 3692 Similiter,
462 3607 508 3677 sit
526 3614 651 3676 natura
667 3605 843 3697 inquisita,
861 3605 1034 3698 posterior
1050 3605 1113 3676 ille
1130 3617 1251 3679 motus
1265 3629 1304 3678 ex

212 3723 359 3805 duobus,
383 3746 471 3816 qnos
501 3723 771 3814 supposuimus;
809 3721 974 3793 videlieet
998 3732 1118 3793 motus
1145 3725 1252 3795 maris
1272 3745 1304 3794 se

211 3838 387 3917 attollens,
406 3851 443 3907 et
466 3860 586 3909 rursus
611 3835 814 3923 subsideus;
840 3839 869 3907 si
893 3838 986 3908 forte
1003 3837 1055 3908 ita
1071 3840 1254 3923 aeciderit,
1269 3845 1305 3908 ut

212 3952 388 4046 (diligenti
407 3952 501 4022 facto
519 3953 698 4043 examine)
716 3952 896 4045 rejiciatur
917 3963 1035 4024 motus
1058 3954 1160 4039 alter,
1180 3956 1225 4027 de
1241 3975 1303 4047 quo

246 4174 259 4213 ⁸
278 4174 319 4246 By
331 4174 410 4239 Peru,
425 4175 515 4230 Baoon
531 4176 636 4231 aasmed
652 4186 680 4230 to
698 4176 738 4231 in·
780 4176 826 4232 the
839 4176 934 4232 Pacific
944 4175 1059 4232 Ooeans.

211 4253 289 4308 elude
305 4253 350 4307 the
366 4254 438 4309 chief
447 4255 548 4324 partos
559 4255 645 4310 Soutlr
658 4257 739 4310 Ama·
816 4253 829 4293 ⁹
854 4254 912 4308 The
943 4254 1066 4309 Rotation
1097 4254 1128 4308 oi
1154 4255 1200 4310 the
1230 4252 1304 4310 Erat

211 4332 265 4387 rica
294 4349 329 4386 on
357 4331 402 4386 the
426 4332 538 4387 Eastem
563 4332 653 4387 Coast.
697 4333 740 4389 Gi.
781 4350 874 4388 causes
897 4332 943 4387 the
966 4343 1041 4404 great
1064 4343 1187 4388 currente
1216 4335 1245 4389 in
1265 4331 1304 4386 tiu

211 4428 301 4481 supra,
315 4410 352 4465 ll.
367 4424 410 4480 27.
446 4411 509 4467 And
527 4411 572 4466 tha
590 4412 666 4467 Mars
683 4413 740 4467 Au·
782 4411 957 4467 Ossan-the
975 4411 1053 4466 Polsr
1070 4421 1182 4467 current
1198 4412 1250 4467 aud
1266 4410 1304 4466 tho

212 4488 508 4545 sualeheraisnotour
520 4490 631 4545 modern
640 4490 740 4545 South·
782 4491 850 4546 Gull
868 4500 982 4545 stream:
1010 4488 1064 4544 and
1085 4491 1142 4545 also
1164 4491 1209 4546 the
1226 4487 1303 4545 'liade

211 4586 257 4623 ern
277 4567 377 4632 Ossan,
399 4568 448 4624 bnt
469 4568 514 4623 the
534 4569 668 4625 Southeru
687 4567 740 4624 and
781 4567 906 4625 uindsin
918 4568 964 4624 tho
976 4568 1022 4632 air,
1035 4567 1086 4623 but
1098 4577 1145 4624 not
1157 4567 1294 4625 the‘llder.
