2708 5226
482 567 743 632 PRAEFATIO.
1144 573 1165 633 5

55 735 205 805 omnino
231 736 290 807 via
318 735 516 807 intellectui
544 736 723 828 aperiatur
750 734 820 805 illis
846 737 1025 806 intentata
1049 745 1087 805 et
1114 737 1166 804 in-

54 851 212 944 cognita,
232 862 452 923 commutata
469 855 545 947 jam
571 853 660 923 ratio
683 861 758 933 est3
785 864 925 922 cessant
947 852 1105 922 studium
1128 863 1165 921 et

55 976 198 1059 partes3
224 991 360 1062 nosque
383 970 510 1040 indicis
532 968 781 1040 tantummodo
804 991 988 1061 personam
1013 970 1166 1039 sustine-

56 1105 157 1170 mus;
184 1085 280 1176 quod
298 1086 485 1156 mediocris
507 1094 605 1155 certe
627 1094 682 1154 est
705 1086 936 1167 auctoritatis,
956 1094 994 1154 et
1012 1085 1164 1156 fortunae

55 1203 243 1295 cujusdam
262 1205 509 1296 potiusquam
524 1202 703 1274 facultatis
719 1211 757 1273 et
774 1201 1008 1272 excellentiae.
1042 1199 1165 1294 Atque

57 1317 132 1389 hoec
154 1319 284 1390 moniti
307 1320 444 1412 species
467 1321 511 1392 ad
538 1340 703 1412 personas
725 1318 890 1410 pertinet,
908 1317 1022 1389 altera
1041 1318 1085 1387 ad
1110 1341 1166 1389 res

56 1435 160 1528 ines

109 1548 190 1621 Nos
217 1551 391 1643 siquidem
425 1549 471 1620 de
499 1550 720 1620 deturbanda
746 1574 798 1632 ea,
825 1573 903 1642 quae
930 1572 1024 1618 nunc
1050 1548 1189 1633 floret·

56 1665 291 1760 philosophia,
309 1676 371 1738 aut
389 1667 416 1736 si
436 1689 514 1757 qnae
530 1665 599 1737 alia
615 1668 671 1745 sit,
686 1675 749 1736 ant
766 1667 846 1745 erit,
860 1665 926 1735 hac
944 1665 1166 1736 emendatior

56 1792 119 1855 aut
144 1784 295 1867 auctior,
324 1785 472 1854 minime
503 1781 711 1853 laboramus.
774 1781 905 1873 Neque
933 1783 1028 1851 enirn
1057 1781 1165 1851 offici-

55 1919 145 1982 mus,
173 1898 263 1991 quin
288 1898 509 1991 philosophia
533 1899 603 1968 ista
628 1911 781 1991 recepta,
807 1910 846 1968 et
870 1898 947 1968 alirc
975 1899 1011 1967 id
1038 1922 1164 1992 genus,

56 2014 318 2107 disputationes
351 2014 460 2094 alant,
489 2037 668 2085 sermones
702 2025 841 2095 ornent,
876 2014 920 2084 ad
956 2015 1166 2105 professoria

55 2153 209 2204 munera
234 2139 273 2202 et
297 2132 379 2201 vitae
406 2130 519 2202 civilis
544 2131 764 2223 compendia,
785 2130 1023 2200 adhibeantur
1046 2142 1085 2201 et
1106 2153 1165 2201 va·

56 2247 166 2318 leant.
220 2246 316 2331 Quin
342 2249 448 2319 etiam
475 2258 599 2340 aperte
622 2247 860 2338 significamus
884 2254 922 2314 et
944 2246 1164 2318 declaramus

53 2384 147 2447 earn,
168 2387 276 2456 quam
308 2387 372 2434 nos
396 2364 616 2442 adducimus
644 2360 900 2453 philosophiam
927 2360 971 2431 ad
997 2360 1082 2430 istas
1108 2385 1164 2433 res

54 2477 252 2548 admodum
271 2477 397 2549 utilem
416 2501 486 2547 non
506 2479 674 2546 futuram.
715 2475 800 2546 Non
815 2488 941 2569 praesto
954 2487 1026 2560 est;
1047 2500 1163 2570 neque

54 2594 92 2662 in
109 2595 264 2664 transitu
282 2595 443 2687 capitur;
471 2615 588 2684 neque
605 2616 651 2663 ex
670 2594 943 2686 praenotionibus
961 2594 1159 2665 intellectui

56 2707 256 2792 blanditum
278 2709 451 2802 nequead
468 2708 563 2802 vulgi
579 2720 733 2801 captum,
749 2711 814 2780 nisi
833 2733 896 2802 per
914 2709 1106 2781 utilitatem
1123 2722 1163 2782 et

53 2823 195 2907 effecta,
213 2825 418 2896 descendet.

105 2939 191 3011 Sint
214 2940 336 3031 itaque
354 2943 462 3033 (qnod
481 2943 569 3012 felix
588 2942 814 3033 faustumque
832 2943 878 3012 sit
896 2944 1038 3033 utrique
1056 2945 1161 3035 parti)

53 3056 135 3126 dure
159 3056 398 3127 doctrinarum
423 3060 673 3140 emanationes,
695 3082 736 3129 ac
760 3061 838 3128 duae
862 3060 1160 3151 dispensationem

51 3172 135 3242 duae
170 3172 335 3243 similiter
370 3174 689 3267 contemplantium
727 3175 800 3244 sive
837 3173 1160 3267 philosophantium

54 3289 180 3370 tribus,
211 3311 253 3358 ac
283 3289 395 3359 veluti
426 3291 677 3384 cognationes;
717 3300 824 3381 atque
854 3288 923 3360 illae
953 3291 1160 3381 nentiquam

54 3405 150 3475 inter
175 3427 214 3474 se
239 3405 389 3476 inimicae
414 3416 478 3476 aut
503 3407 637 3486 alienae,
663 3406 725 3475 sed
754 3407 933 3475 foederatae
962 3416 999 3474 et
1027 3408 1161 3476 mutuis

54 3519 198 3591 auxiliis
226 3522 418 3593 devinctae:
458 3524 504 3593 sit
534 3522 688 3614 denique
717 3521 786 3590 alia
816 3523 981 3591 scientias
1009 3522 1160 3604 colendi,

52 3637 124 3708 alia
150 3638 356 3709 inveniendi
383 3639 483 3708 ratio.
535 3637 659 3728 Atque
685 3637 813 3728 quibus
840 3638 954 3729 prima
982 3637 1098 3729 potior
1124 3649 1161 3708 et

53 3754 235 3846 acceptior
251 3764 315 3834 est,
333 3755 379 3826 ob
398 3755 671 3834 festinationem,
690 3751 746 3822 vel
767 3753 846 3822 vitoe
863 3753 977 3823 civilis
994 3755 1159 3837 rationes,

54 3870 109 3941 vel
129 3871 225 3962 quod
249 3870 345 3940 illam
369 3871 517 3942 alteram
543 3871 588 3940 ob
612 3872 743 3941 mentis
769 3871 1010 3941 infirmitatem
1036 3895 1160 3963 capere

52 3998 92 4058 et
111 3985 302 4079 complecti
327 4012 396 4058 non
423 3990 565 4082 possint,
587 3988 636 4073 (id
656 3988 749 4081 quod
769 3987 876 4082 longe
894 3988 1054 4080 plurimis
1071 3991 1160 4059 acci·

53 4105 138 4174 dere
165 4127 308 4174 necesse
335 4110 403 4195 est)
429 4114 606 4196 optamus,
630 4116 671 4174 ut
697 4105 739 4173 iis
765 4104 917 4175 feliciter
943 4114 981 4176 et
1007 4129 1050 4175 ex
1077 4117 1160 4176 voto

56 4220 223 4290 succedat
241 4222 335 4312 quod
357 4232 478 4314 agunt,
496 4230 604 4312 atque
622 4233 662 4291 ut
676 4220 769 4312 quod
788 4231 986 4313 sequuntur
1001 4233 1158 4291 teneant.

53 4335 159 4420 Quod
187 4336 215 4406 si
243 4336 299 4406 oui
323 4337 525 4407 mortalium
551 4337 648 4407 cordi
672 4347 710 4408 et
734 4361 825 4408 cnrae
849 4339 904 4417 sit,
924 4362 994 4407 non
1019 4347 1157 4407 tantum

52 4454 208 4523 inventis
235 4451 377 4533 hoerere,
403 4465 511 4546 atque
538 4455 581 4523 iis
607 4456 670 4538 uti,
697 4454 757 4524 sed
787 4456 830 4524 ad
859 4454 1027 4524 ulteriora
1052 4476 1159 4543 pene-

52 4577 168 4652 trare;
203 4577 313 4661 atque
342 4591 412 4639 non
442 4570 656 4662 disputando
686 4571 936 4653 adversarium,
963 4570 1024 4640 sed
1051 4590 1158 4660 opere
