2708 5226
211 570 276 667 rei
543 597 718 663 novun
741 597 990 663 onenuuu.

210 771 329 839 minus
346 788 452 860 quam
470 787 572 857 aqua,
589 767 741 838 sericum
757 766 877 835 minus
894 787 1001 858 quam
1024 761 1187 833 linteum.
1237 759 1303 832 Vc·

211 908 291 955 rum
308 885 377 955 hoe
393 884 549 976 pertinet
566 882 612 954 sd
629 879 796 954 Tabulam
809 879 984 978 prodam
1001 880 1049 950 de
1066 875 1238 974 frigidoffi.

630 1029 695 1102 Ad
717 1030 895 1102 decimam.

263 1153 323 1219 15.
349 1147 524 1221 Similiter
541 1148 660 1240 vapori
678 1147 813 1219 fervido
831 1146 1059 1239 subjungitur
1074 1144 1231 1242 nepetino
1250 1159 1303 1212 na«

211 1275 299 1335 tura
316 1264 426 1356 ipsius
442 1264 590 1356 vaporis,
608 1263 721 1354 qualis
737 1262 832 1355 apud
849 1285 914 1332 uos
930 1263 1124 1332 invenitur.
1169 1259 1300 1330 Etenim

212 1378 455 1451 exhalationes
481 1400 528 1449 ex
553 1376 691 1462 oleosis,
717 1377 803 1449 licet
828 1377 931 1448 facile
958 1375 1243 1460 inflammantes,
1258 1384 1301 1444 ts·

212 1521 296 1569 men
321 1520 393 1568 non
418 1496 649 1566 inveniuntur
664 1493 798 1578 calida,
815 1496 883 1566 nisi
906 1509 1094 1587 acorpore
1120 1493 1236 1564 calido
1258 1509 1303 1561 rs·

213 1623 337 1685 center
352 1609 610 1683 exhalaverint.

631 1723 695 1796 Ad
718 1724 895 1796 dammam.

265 1842 326 1914 16.
354 1838 528 1913 Similiter
543 1843 614 1912 a'e'ri
640 1842 707 1934 ipsi
734 1840 888 1912 ferventi
915 1840 1145 1935 subjungitur
1161 1839 1303 1938 nepetino

212 1967 347 2029 neturae
372 1959 461 2028 airis
487 1958 607 2050 ipsius.
660 1956 791 2049 Neque
809 1958 907 2027 enim
924 1958 1107 2027 invenitur
1128 1956 1225 2051 apud
1249 1975 1302 2023 nos

213 2075 273 2146 aer
289 2073 433 2156 calidus,
452 2072 517 2144 nisi
536 2072 644 2143 fixerit
661 2080 725 2142 sut
742 2071 938 2155 conclusus,
955 2080 1020 2142 aut
1045 2068 1235 2154 attritus&
1251 2078 1304 2140 aut

215 2188 403 2261 manifeste
428 2187 622 2259 calefactus
647 2211 668 2258 a
693 2190 779 2270 sole,
796 2189 889 2282 igne,
912 2195 977 2258 aut
1001 2184 1122 2280 aliquo
1148 2188 1218 2261 alio
1241 2209 1304 2258 cor·

215 2326 300 2396 pore
318 2299 443 2374 calido.

616 2397 681 2469 Ad
695 2397 920 2470 undecimam.

266 2522 324 2593 17.
359 2515 595 2609 subjungitur
629 2516 785 2611 nepatica
820 2524 1076 2608 tempestatum
1111 2516 1305 2610 frigidarum

214 2635 327 2726 magis
353 2655 461 2723 quam
487 2653 551 2724 pro
577 2631 713 2702 ratione
740 2633 910 2724 temporis
935 2633 1030 2714 anni,
1048 2655 1131 2724 quae
1149 2633 1307 2702 eveniunt

215 2749 309 2840 apud
329 2771 392 2818 nos
409 2747 518 2817 flante
537 2745 633 2816 Euro
651 2755 689 2816 et
708 2745 840 2816 Borea:
858 2747 1163 2837 quemadmodum
1182 2757 1220 2819 et
1237 2769 1308 2817 ecu-

215 2865 329 2934 traria
351 2871 584 2956 tempestates
610 2862 781 2931 eveniunt
802 2861 912 2932 flante
929 2860 1064 2943 Austro
1082 2875 1121 2934 et
1139 2862 1307 2957 Zephyro.

218 2978 338 3049 Etiam
373 2978 555 3048 inclinatio
590 2978 634 3047 ed
669 2977 826 3069 pluviam
861 2977 1069 3071 (presertim
1102 2979 1309 3073 temporibus

216 3093 451 3188 hyemalibus)
479 3095 670 3165 comitatur
686 3104 940 3187 tempestatem
964 3096 1147 3187 tepidam:
1173 3107 1213 3167 at
1236 3094 1309 3192 gelu

216 3220 341 3282 contra
357 3211 533 3305 frigidam.

602 3324 666 3396 Ad
689 3323 935 3397 duodecimam.

269 3450 327 3516 18.
355 3443 595 3539 Subjungitur
616 3442 774 3539 nepetino
798 3445 888 3514 e'e'ris
913 3443 1070 3515 conclusi
1098 3447 1137 3515 in
1164 3444 1313 3518 cavernis

216 3571 377 3653 tempore
403 3554 567 3630 aestivoffi.
619 3557 673 3627 At
698 3557 743 3628 de
768 3561 848 3630 a'e're
874 3559 1041 3630 concluso
1068 3563 1216 3632 omnino
1242 3561 1312 3632 dili·

251 3763 277 3801 ⁰⁴
299 3762 358 3816 'l'he
387 3761 494 3832 Theory
524 3761 554 3815 ol
583 3761 747 3816 “Absolute
790 3762 876 3817 which
894 3762 1019 3834 heighteu
1038 3762 1085 3819 the
1102 3774 1314 3837 outertempen·

217 3840 305 3895 Cold’'
323 3858 382 3894 was·
395 3839 514 3894 believed
533 3839 561 3893 in
581 3840 609 3894 iu
632 3838 747 3894 Bacon's
788 3850 855 3905 ture,
875 3849 973 3896 cannot
996 3841 1076 3895 effect
1100 3842 1147 3897 the
1170 3844 1211 3899 air
1229 3845 1257 3898 in
1276 3857 1315 3896 ct·

216 3919 291 3990 days.
328 3918 380 3971 We
404 3918 482 3988 again
505 3918 593 3971 notice
616 3917 678 3972 here
703 3918 748 3973 the
788 3919 941 3983 verna‚nnd
961 3938 991 3974 so
1008 3920 1072 3991 they
1088 3937 1134 3975 are
1151 3923 1240 3978 cooler
1256 3921 1315 3976 thau

216 3997 358 4052 confusion
366 3996 397 4048 ol
406 3996 513 4049 notione
525 3994 643 4050 between
655 3995 747 4066 things
788 3997 835 4052 the
846 4015 914 4067 open
927 3999 965 4052 air
974 3999 1012 4052 is:
1029 3999 1087 4069 just
1099 4017 1128 4053 ae
1140 3994 1315 4055 thick-wellet

216 4077 298 4146 really
319 4074 376 4136 hot,
398 4072 451 4127 aud
473 4073 550 4127 those
570 4072 656 4127 vvhich
681 4073 748 4128 have
789 4074 925 4147 buildings
961 4078 1085 4149 eujoy'a
1118 4078 1316 4150 comparativsly

217 4151 567 4208 similarchemicalcffecm.
789 4151 900 4226 equable
912 4162 1096 4224 temperatura.
1116 4153 1315 4212 Thecaasvitb

253 4230 278 4270 ⁶⁶
297 4229 339 4285 cf.
358 4229 418 4283 inlr.
438 4230 500 4284 inat.
514 4246 557 4284 υ.
589 4229 631 4302 By
643 4232 696 4284 Aer
708 4239 749 4285 ot·
790 4233 829 4286 air
846 4233 980 4304 generally
998 4234 1031 4297 is,
1051 4233 1115 4301 (aud
1134 4234 1189 4290 thia
1207 4249 1315 4290 anunm

217 4312 296 4365 tritas
308 4307 397 4363 would
410 4309 541 4379 probably
552 4307 586 4363 be
604 4319 694 4364 meant
712 4311 751 4364 air
792 4323 863 4365 most
887 4311 917 4365 ol
937 4312 983 4366 the
1007 4311 1159 4371 difficulties
1182 4308 1315 4385 expreeaed

217 4388 294 4443 when
313 4386 491 4455 compressed,
508 4386 627 4442 orvvheu
646 4387 752 4443 friction
792 4390 876 4460 hera)
896 4389 955 4444 thet
972 4391 994 4446 it
1016 4391 1040 4445 is
1063 4409 1161 4465 every
1180 4391 1233 4448 bad
1257 4406 1314 4446 eon·

217 4466 336 4540 isgoing
347 4484 392 4521 on.
793 4468 889 4523 ductor
905 4469 936 4523 ol
953 4468 1033 4531 fleat.
1048 4469 1103 4523 aud
1123 4488 1154 4525 sc
1171 4471 1281 4526 receives
1296 4467 1313 4520 it

252 4544 278 4584 Μ
294 4545 353 4600 The
365 4544 487 4598 causent
500 4543 555 4598 thia
567 4543 620 4598 vill
633 4543 666 4598 be
679 4543 749 4600 thia:
793 4557 894 4628 my,
907 4555 961 4610 and
973 4556 1070 4610 retain„
1083 4556 1103 4610 it
1114 4557 1189 4628 long,

217 4625 275 4679 that
298 4625 327 4678 in
352 4621 478 4678 Summer
501 4621 547 4676 the
573 4621 656 4677 Sun's
680 4640 749 4694 rays,
