2708 5226
225 588 291 652 212
553 587 727 653 NOVUM
749 586 999 652 ORGANUM.

277 753 460 839 Similiter,
476 754 631 849 exempli
653 755 790 850 gretia3
816 755 863 825 sit
884 763 1015 826 natura
1035 752 1211 846 inquisita.
1225 773 1299 824 oon·

225 871 421 942 municatio
450 870 641 964 qualitatis,
666 870 801 964 absquo
828 871 1080 942 commistione
1107 869 1298 947 substantia,

227 988 403 1059 luctantia
419 987 508 1058 lucis
524 989 625 1059 dubit
641 987 699 1058 vel
720 988 916 1059 constituet
932 1009 1042 1058 unam
1060 986 1214 1081 speeiem
1229 1007 1302 1056 oon·

224 1106 498 1188 munioationis3
532 1104 628 1176 calor
652 1127 735 1175 vero
760 1114 798 1175 et
824 1126 981 1198 magnes,
1006 1102 1169 1175 alterurn.
1219 1099 1303 1172 Cou-

224 1222 420 1293 municatio
454 1222 551 1293 enirn
582 1220 672 1292 lucis
704 1229 760 1291 eet
794 1229 964 1313 tauquam
998 1229 1255 1302 momentanea,
1277 1224 1304 1288 et

224 1341 347 1409 statim
373 1339 478 1431 perit,
503 1347 625 1408 amoto
649 1337 729 1408 luoe
754 1332 963 1431 originali⁶¹.
1019 1334 1077 1407 At
1101 1335 1305 1419 calidunot

226 1456 339 1526 virtus
380 1455 593 1549 magnetica,
627 1461 815 1546 postquam
849 1453 1055 1524 transmioea
1094 1452 1236 1537 fuerint,
1264 1447 1305 1521 rel

225 1573 344 1664 potius
369 1572 526 1642 excitata
552 1572 588 1641 in
614 1569 684 1640 alio
709 1591 865 1661 corpore,
888 1568 1024 1639 haerent
1049 1577 1090 1640 et
1114 1565 1306 1640 manontul

226 1695 369 1781 tempus
385 1711 457 1757 non
475 1709 633 1780 parvum,
650 1695 771 1758 amoto
789 1686 903 1779 primo
920 1695 1104 1758 movente.

276 1804 441 1895 Denique
472 1824 603 1897 magna
631 1812 686 1874 eet
711 1802 857 1871 omnino
882 1803 1122 1895 praerogativa
1147 1800 1305 1873 moia·

224 1941 304 1988 rum
330 1919 652 1998 constitutivarum
677 1927 719 1988 ut
741 1940 822 2010 quae
847 1916 1041 2011 plurimum
1067 1918 1204 1991 faciant
1224 1915 1306 1990 etul

225 2034 459 2116 definitiones,
486 2032 694 2128 (prasertim
720 2032 963 2127 particulares)
990 2043 1031 2105 ot
1058 2035 1106 2105 ad
1132 2037 1305 2114 divisione

225 2152 300 2223 eive
334 2150 541 2244 partitiones
570 2159 800 2235 naturarum
834 2149 879 2221 do
909 2173 981 2243 quo
1010 2173 1085 2222 uon
1115 2150 1306 2223 maledixit

226 2263 374 2351 Platoffl,
393 2263 496 2356 Quod
518 2263 691 2337 ludendos
715 2265 763 2337 sit
788 2274 951 2362 tunquam
963 2288 1035 2361 pro
1052 2264 1145 2352 Deo,
1167 2269 1227 2364 qui
1245 2263 1306 2360 dol·

224 2385 304 2455 aire
319 2391 352 2456 ct
367 2381 522 2454 dividere
537 2381 618 2454 bene
634 2383 730 2454 aciat

689 2565 862 2639 XXVII.

277 2688 377 2757 Inter
397 2685 645 2779 prerogativas
667 2685 915 2755 instantiarum
933 2708 1111 2779 ponemus
1133 2697 1234 2758 sexto
1248 2689 1307 2756 loco

225 2802 410 2873 instantias
437 2799 638 2896 conformes,
666 2803 740 2871 sive
761 2801 1074 2895 proportionum
1110 2827 1198 2895 quas
1221 2805 1307 2874 etiam

218 2915 417 3012 parallelas,
436 2919 509 2988 sive
527 2915 774 2988 sinzilitudiues
785 2913 961 3011 physicon,
979 2918 1163 3012 appellare
1186 2941 1309 2992 consue·
1348 2914 1350 3013 l

224 3032 383 3106 vimusffi.
435 3033 500 3104 Eae
527 3057 611 3104 vero
636 3040 731 3116 suut,
752 3056 830 3124 quac
856 3033 1054 3105 ostendunt
1079 3036 1309 3107 similitudines

224 3163 262 3222 et
279 3152 546 3245 conjugationes
569 3172 699 3229 rerum,
717 3171 788 3219 nou
807 3149 843 3218 in
861 3149 982 3221 formis
1005 3153 1205 3224 minoribus
1222 3148 1310 3246 (quod

223 3267 360 3337 faciunt
390 3265 567 3336 instantiae
595 3263 837 3357 constitutivae)
865 3266 925 3336 sed
957 3266 1063 3361 plane
1090 3271 1129 3340 in
1155 3277 1310 3342 concreto.

223 3383 352 3479 ltaque
378 3392 462 3454 sunt
488 3391 657 3476 tanquam
679 3381 785 3473 primi
809 3393 847 3452 ct
868 3383 981 3452 infimi
1006 3386 1140 3478 gradus
1167 3385 1312 3458 adonio

260 3615 283 3654 ⁰¹
305 3616 376 3688 Rayc
397 3616 428 3670 ol
446 3615 515 3687 light
535 3613 570 3669 do
589 3595 637 3669 not
656 3614 757 3669 romain
798 3623 827 3669 to
839 3633 874 3687 go
887 3617 945 3671 first
957 3618 1013 3672 into
1024 3618 1072 3674 the
1088 3621 1200 3694 inquiry
1210 3623 1263 3676 into
1273 3617 1315 3674 Nu·

223 3695 252 3747 in
272 3693 318 3748 the
337 3695 384 3757 nir,
397 3694 474 3748 while
493 3711 553 3764 rayu
573 3693 604 3747 ol'
622 3692 693 3746 Heot
714 3710 758 3746 arc
799 3704 867 3757 ture,
880 3694 933 3749 and
945 3704 973 3749 to
985 3697 1044 3752 lead
1057 3700 1302 3755 towardsl'rrctiot

224 3773 347 3826 detained
372 3773 408 3844 by
429 3774 458 3828 it.
500 3771 543 3827 Cf.
566 3772 662 3843 11.13.
688 3771 754 3825 luet.
844 3779 862 3802 “
877 3773 1066 3831 Conlormable
1098 3777 1316 3834 1nutaucco¹⁹ur

223 3866 284 3967 3⁵32
303 3928 387 3992 Plato,
408 3928 546 3993 Phaedrus,
567 3928 619 3983 266
631 3947 654 3983 n.
691 3927 754 3983 Toni·
797 3853 1317 4002 iiessggnssinfflwoeffi

222 4030 274 4061 των
288 4008 320 4074 δὴ
338 4007 420 4078 ἔγωγε
436 4009 513 4064 αὐτόν
530 4029 559 4061 τε
577 4008 688 4078 ἐραστὴς
704 4013 756 4062 τῶν
797 4009 865 4063 their
878 4028 950 4064 more
962 4014 1069 4080 general
1083 4013 1172 4070 laum.
1203 4014 1317 4085 ΗΜ·

223 4085 382 4154 διαιρέσεων,
404 4087 445 4139 καὶ
469 4090 631 4159 ανναγαγὼν,
652 4086 682 4141 ἵν’
703 4084 756 4144 οἶός
797 4086 934 4160 discovery
953 4091 984 4143 ol
999 4090 1045 4144 tho
1065 4093 1226 4151 circulatim
1243 4096 1272 4150 of
1284 4093 1318 4147 the

222 4187 251 4219 τε
272 4164 293 4218 ὦ
313 4163 400 4235 λέγειν
418 4167 505 4219 τεκαὶ
524 4168 639 4236 φρονεῖν·
667 4167 710 4221 ε’άν
727 4189 756 4221 τε
796 4165 877 4221 blood
894 4168 963 4222 from
976 4168 1021 4222 the
1032 4171 1124 4225 volves
1142 4173 1172 4227 ln
1188 4173 1318 4246 Hydrunte

222 4244 278 4297 τινά
297 4243 381 4296 ἄλλον
395 4243 541 4314 ἡγήσωνται
555 4246 662 4300 δυνατὸν
677 4247 714 4302 εἷς
729 4245 757 4301 ἓν
796 4245 906 4315 englnes
918 4245 973 4300 und
984 4248 1012 4300 in
1024 4247 1070 4302 the
1082 4251 1159 4305 veina
1172 4252 1260 4307 would
1271 4252 1320 4307 litt

223 4323 264 4374 καὶ
276 4321 319 4374 ε’πὶ
330 4323 418 4375 πολλὰ
433 4325 566 4393 πεφυκότα
581 4327 652 4393 ὁρᾶν,
664 4329 756 4379 τοῦτον
796 4341 857 4378 cute
875 4325 902 4378 ln
919 4325 1002 4395 point.
1041 4326 1066 4381 ll
1082 4346 1137 4384 was
1157 4330 1204 4386 lho
1220 4333 1320 4400 unzlogy

223 4399 305 4453 διώκω
328 4428 398 4441 —-
422 4401 563 4455 κατόπισθε
591 4401 646 4472 μετ’
672 4402 756 4475 ιι’χνιον
796 4401 914 4457 between
932 4403 977 4458 the
1000 4403 1115 4461 Human
1135 4409 1195 4481 Eye
1214 4409 1266 4465 und
1284 4408 1320 4464 illd

223 4479 292 4532 ὥστε
304 4478 383 4533 θεοῖο.
794 4481 938 4552 Teleocope
954 4481 1011 4537 that
1024 4483 1069 4538 led
1083 4493 1113 4541 to
1129 4487 1177 4544 the
1193 4489 1319 4545 formum

258 4554 283 4594 ⁶³
302 4557 482 4628 Prorogativeu
501 4557 572 4613 6-10
593 4577 637 4614 are
659 4579 754 4632 propa·
794 4560 826 4615 os
836 4561 1008 4616 Achromatic
1023 4562 1123 4621 lentos.
1162 4566 1206 4624 Cf.
1223 4561 1321 4624 Λακαί

224 4634 306 4689 rative
331 4634 377 4703 (cs.
402 4634 463 4689 inlr.
485 4633 522 4689 ll.
542 4637 608 4705 32.),
632 4637 685 4692 and
710 4656 754 4693 uro
796 4639 939 4711 learning,
951 4658 978 4712 p.
990 4657 1050 4712 130.
