2708 5226
177 542 244 607 ³0⁰
507 541 681 608 NOVUM
703 537 950 606 ORGANUM.

180 703 343 777 trationis
382 706 459 798 ejus
496 729 561 800 per
601 728 739 791 aarum,
774 707 917 786 vitrum,
952 700 1117 794 lapidem,
1152 699 1280 769 omnia

182 819 327 903 Quarta,
344 821 673 894 communicationis
689 821 831 892 virtutis
853 820 931 912 ejus
947 817 994 888 de
1017 816 1136 909 lapide
1159 815 1197 884 in
1216 816 1282 885 ler-

181 958 270 1018 mm.
296 937 407 1008 etde
436 938 529 1008 ferro
558 938 596 1009 in
623 938 767 1020 serrum,
793 935 928 1026 absque
957 930 1281 1004 communicatione

181 1047 401 1120 substantiae.
452 1047 593 1122 Verum
621 1049 691 1120 hoc
720 1048 800 1119 loco
827 1048 872 1117 de
901 1045 1017 1138 prima
1042 1044 1179 1113 virtute
1209 1043 1282 1134 ejus

182 1171 325 1235 tantum
350 1164 539 1256 loquimur,
564 1163 732 1237 videlicet
757 1161 930 1235 coitionis.
990 1159 1144 1254 Insignis
1174 1161 1281 1230 etiarn

182 1287 238 1352 est
253 1289 372 1351 motus
388 1280 550 1351 coitionis
567 1279 704 1372 argenti
720 1277 793 1348 vivi
810 1286 848 1347 et
864 1276 962 1360 auri;
987 1276 1078 1348 adeo
1094 1284 1139 1345 ut
1155 1298 1281 1346 aurum

182 1394 317 1467 alliciat
337 1406 526 1490 argentum
542 1396 661 1465 vivum
683 1393 770 1465 licet
793 1392 996 1465 confectum
1020 1391 1058 1461 in
1075 1400 1280 1485 unguenta:

182 1519 291 1604 atque
307 1511 457 1605 operarii
474 1513 568 1581 inter
582 1531 727 1602 vapores
750 1508 888 1602 argenti
908 1507 978 1576 vivi
1002 1505 1142 1578 soleant
1159 1514 1282 1577 tenere

182 1627 220 1696 in
240 1650 301 1697 ore
328 1627 479 1698 inustum
505 1627 581 1695 anri
604 1625 649 1695 ad
671 1623 889 1718 colligendas
912 1621 1120 1694 emissiones
1144 1621 1282 1715 argenti

182 1741 264 1822 vivi,
281 1740 368 1813 alias
389 1741 509 1812 arania
524 1751 564 1812 et
587 1762 665 1811 ossa
684 1762 808 1810 eorum
824 1740 1028 1824 invasuras3
1054 1736 1152 1808 unde
1172 1739 1282 1809 etiam

182 1856 335 1928 fmstum
363 1854 452 1926 illud
482 1855 698 1949 paulopost
724 1855 885 1926 albescit.
948 1853 1075 1946 Atque
1106 1853 1153 1924 da
1182 1862 1282 1923 motu

182 1970 455 2068 congregationis
471 1969 618 2042 minois
635 1971 710 2041 haec
727 1971 823 2042 dicte
839 1971 920 2041 sint.

233 2086 299 2180 (9.)
325 2086 383 2158 Sit
403 2094 524 2159 motus
545 2109 670 2172 nonus,
687 2093 798 2158 motus
820 2081 1088 2182 ampacticuefflr
1112 2085 1177 2178 qui
1199 2084 1285 2158 licet

182 2203 230 2276 sit
258 2226 306 2275 ex
331 2226 462 2299 genere
486 2210 605 2274 motus
630 2201 903 2300 congregationis
928 2201 1086 2283 minoris,
1107 2210 1231 2272 tamen
1255 2202 1283 2273 si

183 2327 350 2410 operetur
371 2318 416 2389 ad
442 2318 625 2389 distantias
649 2339 803 2412 magnas,
820 2325 860 2388 et
880 2338 987 2410 super
1008 2339 1142 2389 massas
1166 2339 1284 2388 rerum

183 2455 338 2528 magnas,
362 2433 630 2526 inquisitionem
654 2443 814 2505 meretur
837 2440 1058 2526 separatem3
1089 2433 1284 2525 presertim

182 2550 211 2621 si
241 2573 307 2620 nec
336 2550 483 2642 incipiat
512 2572 534 2619 a
564 2558 675 2631 tactu,
704 2549 1005 2642 quemadmodum
1035 2547 1191 2641 plurimi,
1219 2572 1284 2620 neo

182 2666 354 2761 perducat
380 2667 557 2735 actionem
586 2666 631 2735 ad
660 2674 807 2747 tactum,
831 2665 1134 2758 quemadmodum
1161 2688 1308 2737 omnes·

183 2789 301 2851 motus
321 2780 581 2874 congregativi;
605 2781 665 2851 sed
689 2805 835 2874 corpora
857 2790 997 2851 tantum
1015 2781 1144 2864 elevet,
1163 2791 1229 2852 aut
1246 2804 1286 2851 ea

183 2897 421 2966 intumescere
443 2895 559 2978 faciat,
578 2918 643 2965 nec
667 2898 857 2989 quicquam
875 2896 978 2968 nitra.
1031 2895 1129 2967 Nam
1149 2899 1179 2968 si
1203 2897 1286 2968 luna

184 3009 328 3081 attollet
356 3032 476 3100 aquas,
501 3019 565 3079 ant
590 3019 791 3104 turgescere
820 3021 884 3082 aut
912 3011 1151 3083 intumescere
1181 3015 1287 3085 faciat

185 3124 353 3207 humida;
378 3134 441 3195 aut
464 3123 594 3195 coelum
611 3126 793 3196 stellatum
811 3126 968 3201 attrahat
988 3126 1149 3220 planetas
1167 3152 1286 3200 versus

185 3264 250 3312 sua
275 3262 436 3335 spogaea3
461 3250 525 3312 ant
542 3240 594 3312 sol
611 3241 736 3336 alliget
757 3252 852 3314 astra
868 3242 1020 3315 Veneris
1046 3252 1085 3314 et
1102 3243 1285 3328 Mercurii,

186 3381 232 3427 ne
257 3357 397 3451 longius
421 3357 537 3428 absint
559 3380 580 3428 a
602 3381 747 3451 corpore
772 3360 858 3451 ejus,
876 3381 983 3451 qunm
1008 3359 1054 3428 ad
1080 3359 1286 3432 distantiam

185 3482 341 3559 certam;
367 3474 531 3544 videntur
547 3473 583 3543 hi
609 3483 729 3545 motus
751 3497 818 3546 nec
841 3474 907 3544 snb
931 3475 1192 3570 congregatione
1216 3499 1287 3546 ma-

174 3590 266 3683 jore,
283 3614 351 3662 nec
376 3590 442 3661 sub
467 3590 727 3686 congregatione
751 3589 885 3659 minore
909 3588 1001 3659 bene
1027 3589 1204 3673 collocari,
1226 3591 1285 3662 sed

186 3729 263 3777 esse
288 3714 457 3798 tanquam
475 3707 726 3800 congregativa
747 3706 865 3776 media
888 3713 926 3775 et
951 3704 1173 3796 imperfecta,
1191 3708 1286 3778 ideo-

186 3842 256 3913 que
272 3820 425 3912 speciem
443 3819 573 3890 debere
590 3819 807 3891 constituere
824 3821 1012 3913 propriam.

240 3933 334 4025 (10.)
362 3933 418 4004 Sit
440 3945 560 4005 motus
582 3935 752 4019 decimus,
770 3943 880 4005 motus
892 3929 1052 4029 soperfflr
1076 3943 1198 4005 motus
1222 3935 1286 4005 aci·

220 4156 243 4196 ⁸¹
263 4156 365 4212 'l'hisis
380 4174 415 4211 an
426 4160 539 4230 attempt
551 4168 578 4213 at
590 4159 714 4230 explana·
753 4159 820 4214 riom
847 4157 986 4213 Navton’s
997 4157 1176 4228 experirmms
1188 4155 1286 4228 proved

185 4236 243 4291 tion
255 4235 285 4289 oi
298 4251 372 4289 some
384 4234 415 4289 oi
426 4235 473 4290 the
485 4236 610 4307 probabla
625 4237 713 4291 tmths
754 4236 812 4291 that
823 4254 840 4291 a
850 4237 908 4290 lens
924 4234 1016 4306 placed
1028 4251 1065 4289 nn
1077 4252 1094 4289 a
1104 4235 1152 4289 ilat
1163 4237 1235 4307 glast
1247 4252 1286 4289 nc·

185 4313 226 4385 (to
236 4314 329 4368 Bacon
340 4315 404 4384 only
411 4313 550 4383 probabis)
559 4315 589 4370 oi
594 4314 714 4386 Gravity,
754 4314 860 4369 mainad
877 4323 904 4369 at
915 4331 932 4368 a
942 4312 1060 4368 distance
1074 4314 1105 4367 ol
1118 4313 1200 4381 ffith
1211 4313 1242 4367 oi
1252 4330 1286 4367 sn

185 4392 222 4463 by
235 4391 405 4463 Magnetum.
754 4392 818 4449 inoh
841 4393 911 4449 lrorn
934 4392 964 4447 it.
999 4391 1058 4445 'l'he
1080 4408 1161 4445 causa
1184 4392 1216 4446 of
1234 4391 1286 4446 thir

221 4469 247 4509 ⁸²
263 4470 330 4524 'l'his
345 4470 368 4524 is
381 4469 495 4540 arcugh
511 4470 672 4542 description
687 4470 719 4525 oi
757 4471 903 4542 Repulsion
920 4487 982 4540 may
999 4469 1033 4523 bc
1048 4468 1093 4522 tha
1113 4468 1201 4523 subtis
1223 4468 1285 4523 snb-

185 4548 243 4603 that
255 4548 341 4604 which
355 4548 378 4602 is
393 4564 454 4603 nov
465 4551 564 4604 known
576 4566 605 4604 aa
618 4549 716 4620 nepot
756 4554 847 4605 stauos
860 4548 938 4612 llent,
950 4547 973 4602 ii
983 4547 1054 4602 licat
1064 4546 1099 4603 be
1116 4547 1213 4603 indeed
1230 4564 1284 4602 ms·
