2708 5226
207 546 273 611 286
536 539 709 608 NOVUM
732 536 986 606 OBGANUM.

209 723 318 799 tur,a
340 713 470 808 pusilla
487 715 690 808 quantitate
712 709 867 807 pulveris
888 708 985 804 pyrii
995 703 1035 778 ⁶¹.
1089 705 1206 799 Cujus
1220 725 1313 776 causa

208 839 388 924 procerte
409 829 472 902 ills
494 831 673 924 estquod
693 837 815 901 motus
832 823 1059 899 dilatationis
1075 822 1245 917 pulveris,
1259 823 1312 915 qui

208 947 373 1040 impellit,
407 948 532 1020 multis
570 946 730 1040 partibus
763 945 810 1016 sit
842 943 1024 1038 pernicior
1057 962 1169 1034 quam
1203 948 1312 1010 motus

208 1063 402 1159 gravitatis,
432 1086 497 1157 per
531 1085 638 1157 quem
671 1060 747 1132 fieri
786 1060 897 1154 possit
934 1059 1060 1152 aliqua
1091 1057 1310 1140 resistentia

208 1180 298 1251 adeo
316 1188 358 1249 ut
368 1179 510 1279 *primus
533 1186 654 1249 motus
678 1177 887 1270 perfunctus
908 1175 967 1257 sit,
985 1182 1187 1266 antequam
1202 1179 1311 1243 motus

209 1297 376 1367 adversus
402 1294 595 1388 inceperit3
626 1294 735 1364 utin
764 1291 947 1385 principiis
976 1289 1127 1362 nullitas
1156 1289 1309 1383 quasdam

209 1414 256 1484 sit
280 1411 499 1482 resistentia.
551 1408 649 1481 Hinc
672 1410 781 1481 etiam
798 1407 850 1491 fit,
868 1407 965 1501 quod
991 1407 1029 1477 in
1056 1407 1159 1477 omni
1184 1403 1309 1490 missili,

209 1527 302 1598 ictus
325 1550 397 1598 non
415 1536 490 1598 tam
511 1525 688 1609 robustus,
706 1547 812 1618 quam
838 1532 966 1596 acutus
991 1531 1031 1594 et
1053 1522 1164 1609 celer,
1180 1524 1225 1595 sd
1241 1544 1310 1616 per·

210 1641 381 1714 lationem
402 1643 625 1736 potissimum
642 1640 770 1714 valeat.
822 1639 954 1734 Neque
977 1641 1093 1713 etiam
1114 1639 1195 1711 fieri
1216 1648 1310 1732 potu·

108 1806 111 1812 ·
209 1760 303 1844 isset,
315 1770 358 1831 ut
375 1782 482 1853 parva
499 1759 680 1852 quantitas
699 1757 843 1850 spiritus
858 1755 1022 1828 animalis
1037 1757 1079 1827 in
1095 1754 1308 1838 animalibus,

211 1877 405 1970 prasertim
422 1877 460 1946 in
479 1884 552 1947 tom
571 1874 680 1947 vastis
697 1873 912 1968 corporibus,
930 1873 1052 1967 qualia
1069 1882 1157 1945 sunt
1173 1871 1309 1945 balaenoe

210 2000 274 2062 aut
301 1991 493 2086 elephanti,
522 2001 660 2064 mutam
690 1991 825 2063 molem
854 2012 1062 2084 corpoream
1090 1990 1255 2063 flecteret
1278 1999 1310 2060 et

210 2117 371 2203 regeret;
396 2110 464 2181 nisi
483 2116 628 2203 propter
644 2106 871 2180 velocitatem
887 2115 1010 2178 motus
1026 2108 1186 2201 spiritus,
1201 2118 1240 2179 et
1255 2106 1310 2176 ho·

209 2224 419 2296 betudinem
446 2248 621 2318 corporeae
647 2224 760 2306 molis,
781 2231 957 2318 quatenus
982 2223 1029 2294 ad
1054 2223 1310 2318 expediendam

209 2361 309 2411 suam
327 2343 575 2414 resistentiam.

260 2455 437 2550 Denique,
452 2457 521 2528 hoc
540 2479 649 2529 unum
667 2479 712 2528 ex
731 2455 913 2551 praecipuis
930 2456 1178 2531 fundamentis
1191 2466 1245 2530 est
1256 2479 1311 2528 ex·

210 2576 489 2668 perimentorum
510 2575 739 2668 magicorum,
751 2575 795 2644 de
809 2573 936 2666 quibus
953 2596 1040 2644 mox
1058 2575 1240 2658 dicemus;
1257 2573 1310 2644 ubi

211 2691 346 2761 scilicet
365 2713 471 2782 parva
487 2692 599 2762 moles
617 2692 773 2761 materiae
791 2689 896 2784 longe
917 2692 1091 2783 majorem
1109 2699 1311 2786 superstet

210 2808 248 2877 in
272 2809 432 2878 ordinem
458 2808 610 2901 redigit:
637 2807 705 2878 hoc
731 2809 898 2898 inquam;
924 2808 954 2876 si
979 2808 1057 2878 fieri
1084 2810 1198 2903 possit
1221 2816 1312 2879 ante·

210 2923 323 2991 versio
351 2931 515 2992 motuum
541 2946 604 3015 per
623 2921 849 2994 velocitatem
874 2923 989 3007 unius,
1008 2932 1206 3018 antequam
1230 2922 1312 2994 alter

209 3059 247 3108 se
265 3039 443 3130 expediat.

261 3153 458 3238 Postremo,
478 3155 546 3226 'hoc
572 3159 688 3249 ipsum
707 3156 811 3251 psius
833 3165 870 3227 et
885 3157 1063 3250 posterius
1087 3158 1241 3228 inomni
1262 3178 1311 3226 ac·

209 3271 307 3340 tione
334 3271 485 3342 naturali
513 3274 628 3343 notari
657 3273 788 3357 debet3
819 3271 929 3342 veluti
956 3275 1053 3365 quod
1081 3275 1120 3344 in
1143 3275 1312 3346 infusione

210 3388 412 3460 rhabarbari
431 3390 596 3460 eliciatur
617 3394 803 3485 purgativa
819 3392 870 3461 vis
890 3391 997 3482 prius,
1015 3393 1203 3464 astrictira
1219 3399 1312 3486 post;

209 3505 325 3577 simile
349 3508 518 3599 quiddam
537 3508 646 3578 etiam
665 3509 703 3577 in
722 3509 896 3579 infusione
920 3507 1096 3578 violarum
1119 3511 1160 3580 in
1178 3518 1313 3581 acetum

210 3625 347 3714 experti
366 3646 508 3703 sumus;
537 3624 598 3694 ubi
617 3625 731 3717 primo
750 3627 927 3717 excipitur
950 3627 1067 3696 suavis
1086 3636 1127 3697 et
1145 3627 1313 3700 delicatus

209 3737 304 3808 floris
327 3740 433 3823 odor3
460 3750 549 3832 post,
568 3763 647 3833 pars
671 3741 765 3812 floris
788 3743 901 3836 magis
923 3749 1049 3825 terrea,
1068 3765 1149 3835 quae
1174 3747 1313 3816 odorem

210 3855 408 3926 confundit.
461 3855 589 3950 Itaque
607 3860 635 3928 si
657 3859 890 3928 infundantur
906 3857 1007 3928 violae
1025 3881 1091 3951 per
1111 3860 1213 3933 diem
1231 3863 1314 3931 iute-

209 3995 325 4065 grum,
344 3974 431 4044 odor
452 3977 566 4047 multo
584 3976 787 4072 languidius
810 3979 1008 4071 excipitur:
1037 3980 1135 4070 quod
1155 3981 1186 4050 si
1203 3979 1313 4050 infun·

211 4088 340 4158 dantur
361 4113 424 4182 per
447 4102 583 4183 partem
602 4103 764 4186 quartam
783 4094 875 4164 horae
900 4102 1051 4176 tantum,
1071 4104 1111 4166 et
1128 4096 1313 4168 extrahan-

211 4213 291 4288 tur3
320 4215 358 4276 et
377 4206 474 4299 (quis
492 4232 624 4300 paucus
646 4221 701 4282 est
719 4212 860 4304 spiritus
877 4210 1054 4294 odoratus,
1073 4215 1137 4306 qui
1162 4211 1313 4286 subsistit

245 4480 272 4521 ⁸⁴
291 4481 324 4537 In
343 4482 495 4556 describing
514 4485 645 4559 Blasdng,
661 4488 751 4544 Bocon
771 4488 896 4544 confuses
914 4485 959 4541 the
976 4486 1122 4545 msistance
1140 4490 1173 4545 of
1192 4492 1312 4546 inertum

212 4569 275 4625 with
288 4571 347 4628 that
359 4573 390 4628 of
398 4575 509 4646 gravity.
