<?xml version="1.0" encoding="UTF-8"?>
<!DOCTYPE html PUBLIC "-//W3C//DTD XHTML 1.0 Transitional//EN"
    "http://www.w3.org/TR/xhtml1/DTD/xhtml1-transitional.dtd">
<html xmlns="http://www.w3.org/1999/xhtml" xml:lang="en" lang="en">
 <head>
  <title>
</title>
<meta http-equiv="Content-Type" content="text/html;charset=utf-8" />
  <meta name='ocr-system' content='tesseract 3.04.00' />
  <meta name='ocr-capabilities' content='ocr_page ocr_carea ocr_par ocr_line ocrx_word'/>
</head>
<body>
  <div class='ocr_page' id='page_1' title='image "./franciscibaconi00kitcgoog_0233.png"; bbox 0 0 2708 5226; ppageno 0'>
   <div class='ocr_carea' id='block_1_1' title="bbox 125 572 902 640">
    <p class='ocr_par' dir='ltr' id='par_1_1' title="bbox 125 572 902 640">
     <span class='ocr_line' id='line_1_1' title="bbox 125 572 902 640; baseline 0 -2"><span class='ocrx_word' id='word_1_1' title='bbox 125 575 192 638; x_wconf 74' lang='lat'>202</span> <span class='ocrx_word' id='word_1_2' title='bbox 455 572 630 640; x_wconf 85' lang='lat' dir='ltr'>NOVUM</span> <span class='ocrx_word' id='word_1_3' title='bbox 653 572 902 639; x_wconf 79' lang='lat' dir='ltr'>ORGANUM.</span> 
     </span>
    </p>
   </div>
   <div class='ocr_carea' id='block_1_2' title="bbox 130 736 1222 956">
    <p class='ocr_par' dir='ltr' id='par_1_2' title="bbox 130 736 1222 956">
     <span class='ocr_line' id='line_1_2' title="bbox 184 736 1222 833; baseline 0 -25"><span class='ocrx_word' id='word_1_4' title='bbox 184 738 461 833; x_wconf 84' lang='lat' dir='ltr'><strong>Proponendum</strong></span> <span class='ocrx_word' id='word_1_5' title='bbox 489 740 609 832; x_wconf 86' lang='lat' dir='ltr'>itaque</span> <span class='ocrx_word' id='word_1_6' title='bbox 635 747 691 809; x_wconf 88' lang='lat' dir='ltr'>est</span> <span class='ocrx_word' id='word_1_7' title='bbox 712 740 789 831; x_wconf 90' lang='lat' dir='ltr'>jam</span> <span class='ocrx_word' id='word_1_8' title='bbox 816 736 1025 832; x_wconf 86' lang='lat' dir='ltr'>exemplum</span> <span class='ocrx_word' id='word_1_9' title='bbox 1055 736 1222 808; x_wconf 73' lang='lat' dir='ltr'>instantia</span> 
     </span>
     <span class='ocr_line' id='line_1_3' title="bbox 130 855 1222 956; baseline -0.003 -28"><span class='ocrx_word' id='word_1_10' title='bbox 130 856 325 956; x_wconf 72' lang='lat' dir='ltr'>migrantis.</span> <span class='ocrx_word' id='word_1_11' title='bbox 377 855 434 928; x_wconf 89' lang='lat' dir='ltr'>Sit</span> <span class='ocrx_word' id='word_1_12' title='bbox 459 866 585 927; x_wconf 87' lang='lat' dir='ltr'>natura</span> <span class='ocrx_word' id='word_1_13' title='bbox 610 857 787 949; x_wconf 86' lang='lat' dir='ltr'>inquisita,</span> <span class='ocrx_word' id='word_1_14' title='bbox 810 857 953 937; x_wconf 87' lang='lat' dir='ltr'>candor,</span> <span class='ocrx_word' id='word_1_15' title='bbox 980 857 1059 926; x_wconf 81' lang='lat' dir='ltr'>sive</span> <span class='ocrx_word' id='word_1_16' title='bbox 1083 855 1222 942; x_wconf 91' lang='lat' dir='ltr'>albedo;</span> 
     </span>
    </p>
   </div>
   <div class='ocr_carea' id='block_1_3' title="bbox 126 972 1224 3865">
    <p class='ocr_par' dir='ltr' id='par_1_3' title="bbox 127 972 1224 2816">
     <span class='ocr_line' id='line_1_4' title="bbox 131 972 1224 1071; baseline 0 -26"><span class='ocrx_word' id='word_1_17' title='bbox 131 974 299 1046; x_wconf 77' lang='lat' dir='ltr'>instantio</span> <span class='ocrx_word' id='word_1_18' title='bbox 328 972 484 1071; x_wconf 74' lang='lat' dir='ltr'>migrans</span> <span class='ocrx_word' id='word_1_19' title='bbox 516 973 562 1044; x_wconf 87' lang='lat' dir='ltr'>ad</span> <span class='ocrx_word' id='word_1_20' title='bbox 592 974 860 1068; x_wconf 76' lang='lat' dir='ltr'>generationem</span> <span class='ocrx_word' id='word_1_21' title='bbox 891 982 949 1044; x_wconf 90' lang='lat' dir='ltr'>est</span> <span class='ocrx_word' id='word_1_22' title='bbox 978 975 1114 1044; x_wconf 84' lang='lat' dir='ltr'>vitrum</span> <span class='ocrx_word' id='word_1_23' title='bbox 1143 976 1224 1045; x_wconf 87' lang='lat' dir='ltr'>inte·</span> 
     </span>
     <span class='ocr_line' id='line_1_5' title="bbox 127 1089 1222 1187; baseline -0.001 -25"><span class='ocrx_word' id='word_1_24' title='bbox 127 1114 243 1187; x_wconf 91' lang='lat' dir='ltr'>grum,</span> <span class='ocrx_word' id='word_1_25' title='bbox 261 1099 299 1161; x_wconf 92' lang='lat' dir='ltr'>et</span> <span class='ocrx_word' id='word_1_26' title='bbox 316 1090 448 1160; x_wconf 83' lang='lat' dir='ltr'>vitrum</span> <span class='ocrx_word' id='word_1_27' title='bbox 465 1089 729 1183; x_wconf 84' lang='lat' dir='ltr'>pulverisatum.</span> <span class='ocrx_word' id='word_1_28' title='bbox 757 1089 942 1173; x_wconf 87' lang='lat' dir='ltr'>Similiter,</span> <span class='ocrx_word' id='word_1_29' title='bbox 956 1112 1052 1183; x_wconf 87' lang='lat' dir='ltr'>aqua</span> <span class='ocrx_word' id='word_1_30' title='bbox 1069 1090 1222 1184; x_wconf 81' lang='lat' dir='ltr'>simplex,</span> 
     </span>
     <span class='ocr_line' id='line_1_6' title="bbox 128 1204 1220 1302; baseline -0.001 -23"><span class='ocrx_word' id='word_1_31' title='bbox 128 1217 167 1280; x_wconf 89' lang='lat' dir='ltr'>et</span> <span class='ocrx_word' id='word_1_32' title='bbox 191 1231 283 1300; x_wconf 89' lang='lat' dir='ltr'>aqua</span> <span class='ocrx_word' id='word_1_33' title='bbox 307 1208 442 1302; x_wconf 89' lang='lat' dir='ltr'>agitata</span> <span class='ocrx_word' id='word_1_34' title='bbox 462 1208 499 1277; x_wconf 94' lang='lat' dir='ltr'>in</span> <span class='ocrx_word' id='word_1_35' title='bbox 525 1230 698 1301; x_wconf 90' lang='lat' dir='ltr'>spumam.</span> <span class='ocrx_word' id='word_1_36' title='bbox 750 1204 896 1278; x_wconf 74' lang='lat' dir='ltr'>Vrtrum</span> <span class='ocrx_word' id='word_1_37' title='bbox 913 1207 1012 1277; x_wconf 90' lang='lat' dir='ltr'>enim</span> <span class='ocrx_word' id='word_1_38' title='bbox 1038 1208 1220 1302; x_wconf 86' lang='lat' dir='ltr'>integmm,</span> 
     </span>
     <span class='ocr_line' id='line_1_7' title="bbox 127 1322 1223 1420; baseline -0.004 -23"><span class='ocrx_word' id='word_1_39' title='bbox 127 1334 167 1397; x_wconf 91' lang='lat' dir='ltr'>et</span> <span class='ocrx_word' id='word_1_40' title='bbox 190 1348 283 1418; x_wconf 90' lang='lat' dir='ltr'>aqua</span> <span class='ocrx_word' id='word_1_41' title='bbox 306 1323 468 1420; x_wconf 78' lang='lat' dir='ltr'>simplex,</span> <span class='ocrx_word' id='word_1_42' title='bbox 492 1324 669 1418; x_wconf 90' lang='lat' dir='ltr'>diaphana</span> <span class='ocrx_word' id='word_1_43' title='bbox 692 1333 787 1407; x_wconf 86' lang='lat' dir='ltr'>sunt,</span> <span class='ocrx_word' id='word_1_44' title='bbox 810 1346 882 1395; x_wconf 92' lang='lat' dir='ltr'>non</span> <span class='ocrx_word' id='word_1_45' title='bbox 907 1322 1007 1395; x_wconf 89' lang='lat' dir='ltr'>alba:</span> <span class='ocrx_word' id='word_1_46' title='bbox 1038 1331 1078 1394; x_wconf 89' lang='lat' dir='ltr'>at</span> <span class='ocrx_word' id='word_1_47' title='bbox 1099 1325 1223 1394; x_wconf 86' lang='lat' dir='ltr'>ritmm</span> 
     </span>
     <span class='ocr_line' id='line_1_8' title="bbox 128 1438 1223 1535; baseline 0 -23"><span class='ocrx_word' id='word_1_48' title='bbox 128 1441 394 1535; x_wconf 87' lang='lat' dir='ltr'>pulverisatum,</span> <span class='ocrx_word' id='word_1_49' title='bbox 411 1449 450 1513; x_wconf 90' lang='lat' dir='ltr'>et</span> <span class='ocrx_word' id='word_1_50' title='bbox 474 1463 566 1533; x_wconf 89' lang='lat' dir='ltr'>aqua</span> <span class='ocrx_word' id='word_1_51' title='bbox 589 1441 626 1510; x_wconf 95' lang='lat' dir='ltr'>in</span> <span class='ocrx_word' id='word_1_52' title='bbox 652 1463 788 1534; x_wconf 89' lang='lat' dir='ltr'>spuma,</span> <span class='ocrx_word' id='word_1_53' title='bbox 804 1439 895 1522; x_wconf 82' lang='lat' dir='ltr'>alba,</span> <span class='ocrx_word' id='word_1_54' title='bbox 914 1462 988 1511; x_wconf 93' lang='lat' dir='ltr'>non</span> <span class='ocrx_word' id='word_1_55' title='bbox 1012 1438 1223 1534; x_wconf 79' lang='lat' dir='ltr'>diaphaua⁵⁰.</span> 
     </span>
     <span class='ocr_line' id='line_1_9' title="bbox 129 1557 1224 1655; baseline 0 -26"><span class='ocrx_word' id='word_1_56' title='bbox 129 1557 258 1650; x_wconf 88' lang='lat' dir='ltr'>Itaque</span> <span class='ocrx_word' id='word_1_57' title='bbox 283 1557 521 1652; x_wconf 82' lang='lat' dir='ltr'>quarendum,</span> <span class='ocrx_word' id='word_1_58' title='bbox 548 1557 632 1650; x_wconf 93' lang='lat' dir='ltr'>quid</span> <span class='ocrx_word' id='word_1_59' title='bbox 663 1557 832 1628; x_wconf 89' lang='lat' dir='ltr'>acciderit</span> <span class='ocrx_word' id='word_1_60' title='bbox 856 1579 903 1628; x_wconf 87' lang='lat' dir='ltr'>ex</span> <span class='ocrx_word' id='word_1_61' title='bbox 929 1559 1000 1628; x_wconf 89' lang='lat' dir='ltr'>ista</span> <span class='ocrx_word' id='word_1_62' title='bbox 1025 1557 1224 1655; x_wconf 59' lang='lat' dir='ltr'>mtgrotionc</span> 
     </span>
     <span class='ocr_line' id='line_1_10' title="bbox 128 1672 1224 1766; baseline 0.002 -22"><span class='ocrx_word' id='word_1_63' title='bbox 128 1674 230 1758; x_wconf 90' lang='lat' dir='ltr'>vitro,</span> <span class='ocrx_word' id='word_1_64' title='bbox 253 1682 317 1745; x_wconf 90' lang='lat' dir='ltr'>aut</span> <span class='ocrx_word' id='word_1_65' title='bbox 340 1697 450 1766; x_wconf 85' lang='lat' dir='ltr'>aquoe.</span> <span class='ocrx_word' id='word_1_66' title='bbox 503 1672 741 1745; x_wconf 80' lang='lat' dir='ltr'>Manifestum</span> <span class='ocrx_word' id='word_1_67' title='bbox 758 1674 854 1745; x_wconf 91' lang='lat' dir='ltr'>enim</span> <span class='ocrx_word' id='word_1_68' title='bbox 872 1681 940 1759; x_wconf 89' lang='lat' dir='ltr'>est,</span> <span class='ocrx_word' id='word_1_69' title='bbox 959 1672 1114 1745; x_wconf 85' lang='lat' dir='ltr'>formam</span> <span class='ocrx_word' id='word_1_70' title='bbox 1139 1672 1224 1746; x_wconf 81' lang='lat' dir='ltr'>albe·</span> 
     </span>
     <span class='ocr_line' id='line_1_11' title="bbox 128 1789 1224 1884; baseline -0.001 -24"><span class='ocrx_word' id='word_1_71' title='bbox 128 1789 221 1860; x_wconf 89' lang='lat' dir='ltr'>dinis</span> <span class='ocrx_word' id='word_1_72' title='bbox 247 1790 375 1862; x_wconf 83' lang='lat' dir='ltr'>deferri</span> <span class='ocrx_word' id='word_1_73' title='bbox 399 1801 437 1862; x_wconf 88' lang='lat' dir='ltr'>et</span> <span class='ocrx_word' id='word_1_74' title='bbox 462 1790 582 1862; x_wconf 85' lang='lat' dir='ltr'>invehi</span> <span class='ocrx_word' id='word_1_75' title='bbox 604 1813 668 1884; x_wconf 91' lang='lat' dir='ltr'>per</span> <span class='ocrx_word' id='word_1_76' title='bbox 685 1791 790 1862; x_wconf 86' lang='lat' dir='ltr'>istam</span> <span class='ocrx_word' id='word_1_77' title='bbox 809 1790 1061 1862; x_wconf 91' lang='lat' dir='ltr'>contusionem</span> <span class='ocrx_word' id='word_1_78' title='bbox 1080 1791 1175 1874; x_wconf 81' lang='lat' dir='ltr'>vitri,</span> <span class='ocrx_word' id='word_1_79' title='bbox 1191 1799 1224 1862; x_wconf 92' lang='lat' dir='ltr'>et</span> 
     </span>
     <span class='ocr_line' id='line_1_12' title="bbox 129 1906 1222 2001; baseline 0.003 -25"><span class='ocrx_word' id='word_1_80' title='bbox 129 1907 361 2001; x_wconf 74' lang='lat' dir='ltr'>agitationem</span> <span class='ocrx_word' id='word_1_81' title='bbox 386 1929 497 1999; x_wconf 86' lang='lat' dir='ltr'>aquae.</span> <span class='ocrx_word' id='word_1_82' title='bbox 555 1906 659 1977; x_wconf 93' lang='lat' dir='ltr'>Nihil</span> <span class='ocrx_word' id='word_1_83' title='bbox 685 1916 807 1978; x_wconf 90' lang='lat' dir='ltr'>autem</span> <span class='ocrx_word' id='word_1_84' title='bbox 833 1906 1010 2000; x_wconf 88' lang='lat' dir='ltr'>reperitur</span> <span class='ocrx_word' id='word_1_85' title='bbox 1035 1908 1222 1989; x_wconf 83' lang='lat' dir='ltr'>accessisse,</span> 
     </span>
     <span class='ocr_line' id='line_1_13' title="bbox 129 2023 1222 2118; baseline 0.001 -25"><span class='ocrx_word' id='word_1_86' title='bbox 129 2031 257 2116; x_wconf 86' lang='lat' dir='ltr'>praeter</span> <span class='ocrx_word' id='word_1_87' title='bbox 273 2023 590 2095; x_wconf 89' lang='lat' dir='ltr'>comminutionem</span> <span class='ocrx_word' id='word_1_88' title='bbox 615 2025 770 2118; x_wconf 84' lang='lat' dir='ltr'>partium</span> <span class='ocrx_word' id='word_1_89' title='bbox 787 2024 870 2094; x_wconf 89' lang='lat' dir='ltr'>vitri</span> <span class='ocrx_word' id='word_1_90' title='bbox 887 2032 926 2094; x_wconf 89' lang='lat' dir='ltr'>et</span> <span class='ocrx_word' id='word_1_91' title='bbox 949 2047 1063 2116; x_wconf 75' lang='lat' dir='ltr'>aquae,</span> <span class='ocrx_word' id='word_1_92' title='bbox 1082 2033 1122 2096; x_wconf 91' lang='lat' dir='ltr'>et</span> <span class='ocrx_word' id='word_1_93' title='bbox 1144 2026 1222 2096; x_wconf 70' lang='lat' dir='ltr'>aeris</span> 
     </span>
     <span class='ocr_line' id='line_1_14' title="bbox 130 2139 1223 2234; baseline 0 -23"><span class='ocrx_word' id='word_1_94' title='bbox 130 2139 370 2212; x_wconf 78' lang='lat' dir='ltr'>insertionem.</span> <span class='ocrx_word' id='word_1_95' title='bbox 422 2139 551 2234; x_wconf 88' lang='lat' dir='ltr'>Neque</span> <span class='ocrx_word' id='word_1_96' title='bbox 570 2164 652 2212; x_wconf 85' lang='lat' dir='ltr'>vero</span> <span class='ocrx_word' id='word_1_97' title='bbox 668 2160 799 2234; x_wconf 87' lang='lat' dir='ltr'>parum</span> <span class='ocrx_word' id='word_1_98' title='bbox 824 2139 1027 2234; x_wconf 87' lang='lat' dir='ltr'>profectum</span> <span class='ocrx_word' id='word_1_99' title='bbox 1045 2151 1103 2214; x_wconf 89' lang='lat' dir='ltr'>est</span> <span class='ocrx_word' id='word_1_100' title='bbox 1118 2142 1162 2213; x_wconf 88' lang='lat' dir='ltr'>ad</span> <span class='ocrx_word' id='word_1_101' title='bbox 1177 2142 1223 2211; x_wconf 94' lang='lat' dir='ltr'>in·</span> 
     </span>
     <span class='ocr_line' id='line_1_15' title="bbox 131 2256 1221 2351; baseline 0 -25"><span class='ocrx_word' id='word_1_102' title='bbox 131 2256 341 2327; x_wconf 82' lang='lat' dir='ltr'>veniendam</span> <span class='ocrx_word' id='word_1_103' title='bbox 367 2256 517 2327; x_wconf 83' lang='lat' dir='ltr'>formam</span> <span class='ocrx_word' id='word_1_104' title='bbox 542 2256 725 2340; x_wconf 80' lang='lat' dir='ltr'>albedinis,</span> <span class='ocrx_word' id='word_1_105' title='bbox 744 2257 838 2351; x_wconf 92' lang='lat' dir='ltr'>quod</span> <span class='ocrx_word' id='word_1_106' title='bbox 860 2279 1009 2350; x_wconf 90' lang='lat' dir='ltr'>corpora</span> <span class='ocrx_word' id='word_1_107' title='bbox 1025 2257 1098 2329; x_wconf 89' lang='lat' dir='ltr'>duo</span> <span class='ocrx_word' id='word_1_108' title='bbox 1116 2279 1178 2351; x_wconf 90' lang='lat' dir='ltr'>per</span> <span class='ocrx_word' id='word_1_109' title='bbox 1190 2277 1221 2327; x_wconf 87' lang='lat' dir='ltr'>se</span> 
     </span>
     <span class='ocr_line' id='line_1_16' title="bbox 129 2370 1222 2468; baseline -0.002 -25"><span class='ocrx_word' id='word_1_110' title='bbox 129 2370 315 2466; x_wconf 85' lang='lat' dir='ltr'>diaphana,</span> <span class='ocrx_word' id='word_1_111' title='bbox 336 2373 399 2444; x_wconf 91' lang='lat' dir='ltr'>sed</span> <span class='ocrx_word' id='word_1_112' title='bbox 424 2374 620 2444; x_wconf 92' lang='lat' dir='ltr'>secundum</span> <span class='ocrx_word' id='word_1_113' title='bbox 646 2374 759 2468; x_wconf 88' lang='lat' dir='ltr'>magis</span> <span class='ocrx_word' id='word_1_114' title='bbox 784 2382 824 2445; x_wconf 90' lang='lat' dir='ltr'>et</span> <span class='ocrx_word' id='word_1_115' title='bbox 848 2375 977 2457; x_wconf 92' lang='lat' dir='ltr'>minus,</span> <span class='ocrx_word' id='word_1_116' title='bbox 997 2373 1073 2463; x_wconf 68' lang='lat' dir='ltr'>(aer</span> <span class='ocrx_word' id='word_1_117' title='bbox 1098 2373 1222 2444; x_wconf 88' lang='lat' dir='ltr'>scilicet</span> 
     </span>
     <span class='ocr_line' id='line_1_17' title="bbox 129 2489 1222 2584; baseline -0.002 -23"><span class='ocrx_word' id='word_1_118' title='bbox 129 2498 168 2561; x_wconf 88' lang='lat' dir='ltr'>et</span> <span class='ocrx_word' id='word_1_119' title='bbox 194 2513 296 2581; x_wconf 89' lang='lat' dir='ltr'>aqua,</span> <span class='ocrx_word' id='word_1_120' title='bbox 316 2499 379 2560; x_wconf 90' lang='lat' dir='ltr'>aut</span> <span class='ocrx_word' id='word_1_121' title='bbox 404 2491 464 2560; x_wconf 72' lang='lat' dir='ltr'>aer</span> <span class='ocrx_word' id='word_1_122' title='bbox 486 2498 524 2561; x_wconf 91' lang='lat' dir='ltr'>et</span> <span class='ocrx_word' id='word_1_123' title='bbox 548 2491 693 2583; x_wconf 89' lang='lat' dir='ltr'>vitrum)</span> <span class='ocrx_word' id='word_1_124' title='bbox 717 2489 823 2561; x_wconf 90' lang='lat' dir='ltr'>simul</span> <span class='ocrx_word' id='word_1_125' title='bbox 849 2492 965 2584; x_wconf 88' lang='lat' dir='ltr'>posita</span> <span class='ocrx_word' id='word_1_126' title='bbox 990 2513 1056 2584; x_wconf 91' lang='lat' dir='ltr'>per</span> <span class='ocrx_word' id='word_1_127' title='bbox 1079 2492 1222 2560; x_wconf 84' lang='lat' dir='ltr'>minutas</span> 
     </span>
     <span class='ocr_line' id='line_1_18' title="bbox 129 2605 1222 2701; baseline 0 -25"><span class='ocrx_word' id='word_1_128' title='bbox 129 2607 318 2700; x_wconf 87' lang='lat' dir='ltr'>portiones,</span> <span class='ocrx_word' id='word_1_129' title='bbox 336 2606 528 2677; x_wconf 86' lang='lat' dir='ltr'>exhibeant</span> <span class='ocrx_word' id='word_1_130' title='bbox 553 2605 766 2689; x_wconf 85' lang='lat' dir='ltr'>albedinem,</span> <span class='ocrx_word' id='word_1_131' title='bbox 791 2631 855 2701; x_wconf 92' lang='lat' dir='ltr'>per</span> <span class='ocrx_word' id='word_1_132' title='bbox 879 2607 1128 2679; x_wconf 80' lang='lat' dir='ltr'>refractionem</span> <span class='ocrx_word' id='word_1_133' title='bbox 1153 2607 1222 2677; x_wconf 72' lang='lat' dir='ltr'>ina</span> 
     </span>
     <span class='ocr_line' id='line_1_19' title="bbox 130 2722 585 2816; baseline 0 -22"><span class='ocrx_word' id='word_1_134' title='bbox 130 2722 272 2816; x_wconf 90' lang='lat' dir='ltr'>qualem</span> <span class='ocrx_word' id='word_1_135' title='bbox 290 2724 468 2793; x_wconf 89' lang='lat' dir='ltr'>radiorum</span> <span class='ocrx_word' id='word_1_136' title='bbox 488 2723 585 2794; x_wconf 89' lang='lat' dir='ltr'>lucis.</span> 
     </span>
    </p>

    <p class='ocr_par' dir='ltr' id='par_1_4' title="bbox 126 2837 1224 3865">
     <span class='ocr_line' id='line_1_20' title="bbox 184 2837 1221 2936; baseline -0.001 -26"><span class='ocrx_word' id='word_1_137' title='bbox 184 2837 320 2910; x_wconf 90' lang='lat' dir='ltr'>Verum</span> <span class='ocrx_word' id='word_1_138' title='bbox 339 2839 404 2910; x_wconf 91' lang='lat' dir='ltr'>hac</span> <span class='ocrx_word' id='word_1_139' title='bbox 425 2841 461 2909; x_wconf 94' lang='lat' dir='ltr'>in</span> <span class='ocrx_word' id='word_1_140' title='bbox 482 2863 520 2912; x_wconf 92' lang='lat' dir='ltr'>re</span> <span class='ocrx_word' id='word_1_141' title='bbox 539 2842 807 2933; x_wconf 91' lang='lat' dir='ltr'>proponendum</span> <span class='ocrx_word' id='word_1_142' title='bbox 825 2851 880 2912; x_wconf 90' lang='lat' dir='ltr'>est</span> <span class='ocrx_word' id='word_1_143' title='bbox 897 2842 1008 2912; x_wconf 91' lang='lat' dir='ltr'>etiam</span> <span class='ocrx_word' id='word_1_144' title='bbox 1026 2841 1221 2936; x_wconf 88' lang='lat' dir='ltr'>exemplum</span> 
     </span>
     <span class='ocr_line' id='line_1_21' title="bbox 127 2955 1222 3049; baseline -0.001 -23"><span class='ocrx_word' id='word_1_145' title='bbox 127 2955 276 3049; x_wconf 89' lang='lat' dir='ltr'>periculi</span> <span class='ocrx_word' id='word_1_146' title='bbox 310 2967 348 3026; x_wconf 91' lang='lat' dir='ltr'>et</span> <span class='ocrx_word' id='word_1_147' title='bbox 379 2957 564 3038; x_wconf 88' lang='lat' dir='ltr'>cautionis,</span> <span class='ocrx_word' id='word_1_148' title='bbox 597 2957 642 3027; x_wconf 91' lang='lat' dir='ltr'>de</span> <span class='ocrx_word' id='word_1_149' title='bbox 673 2956 800 3049; x_wconf 89' lang='lat' dir='ltr'>quibus</span> <span class='ocrx_word' id='word_1_150' title='bbox 829 2959 997 3029; x_wconf 86' lang='lat' dir='ltr'>diximus.</span> <span class='ocrx_word' id='word_1_151' title='bbox 1052 2957 1222 3028; x_wconf 91' lang='lat' dir='ltr'>Nimimm</span> 
     </span>
     <span class='ocr_line' id='line_1_22' title="bbox 127 3070 1222 3166; baseline 0.001 -26"><span class='ocrx_word' id='word_1_152' title='bbox 127 3071 231 3142; x_wconf 84' lang='lat' dir='ltr'>facile</span> <span class='ocrx_word' id='word_1_153' title='bbox 255 3070 313 3142; x_wconf 92' lang='lat' dir='ltr'>hic</span> <span class='ocrx_word' id='word_1_154' title='bbox 337 3083 498 3143; x_wconf 82' lang='lat' dir='ltr'>occurret</span> <span class='ocrx_word' id='word_1_155' title='bbox 523 3072 723 3144; x_wconf 88' lang='lat' dir='ltr'>intellectui</span> <span class='ocrx_word' id='word_1_156' title='bbox 750 3073 795 3144; x_wconf 92' lang='lat' dir='ltr'>ab</span> <span class='ocrx_word' id='word_1_157' title='bbox 820 3074 1026 3166; x_wconf 87' lang='lat' dir='ltr'>hujusmodi</span> <span class='ocrx_word' id='word_1_158' title='bbox 1050 3073 1222 3147; x_wconf 87' lang='lat' dir='ltr'>efficienti·</span> 
     </span>
     <span class='ocr_line' id='line_1_23' title="bbox 126 3187 1223 3283; baseline -0.003 -25"><span class='ocrx_word' id='word_1_159' title='bbox 126 3187 193 3258; x_wconf 86' lang='lat' dir='ltr'>bus</span> <span class='ocrx_word' id='word_1_160' title='bbox 218 3190 419 3281; x_wconf 89' lang='lat' dir='ltr'>depravato,</span> <span class='ocrx_word' id='word_1_161' title='bbox 438 3188 531 3281; x_wconf 92' lang='lat' dir='ltr'>quod</span> <span class='ocrx_word' id='word_1_162' title='bbox 560 3189 604 3258; x_wconf 90' lang='lat' dir='ltr'>ad</span> <span class='ocrx_word' id='word_1_163' title='bbox 632 3189 782 3259; x_wconf 85' lang='lat' dir='ltr'>sormam</span> <span class='ocrx_word' id='word_1_164' title='bbox 808 3187 984 3260; x_wconf 84' lang='lat' dir='ltr'>albedinis</span> <span class='ocrx_word' id='word_1_165' title='bbox 1009 3192 1071 3261; x_wconf 76' lang='lat' dir='ltr'>aiir</span> <span class='ocrx_word' id='word_1_166' title='bbox 1095 3210 1223 3283; x_wconf 88' lang='lat' dir='ltr'>semper</span> 
     </span>
     <span class='ocr_line' id='line_1_24' title="bbox 126 3304 1223 3399; baseline -0.005 -23"><span class='ocrx_word' id='word_1_167' title='bbox 126 3305 345 3398; x_wconf 89' lang='lat' dir='ltr'>requiratur;</span> <span class='ocrx_word' id='word_1_168' title='bbox 381 3314 444 3375; x_wconf 90' lang='lat' dir='ltr'>aut</span> <span class='ocrx_word' id='word_1_169' title='bbox 474 3304 568 3396; x_wconf 92' lang='lat' dir='ltr'>quod</span> <span class='ocrx_word' id='word_1_170' title='bbox 599 3304 726 3375; x_wconf 85' lang='lat' dir='ltr'>albedo</span> <span class='ocrx_word' id='word_1_171' title='bbox 760 3313 952 3399; x_wconf 83' lang='lat' dir='ltr'>generetur</span> <span class='ocrx_word' id='word_1_172' title='bbox 986 3315 1131 3377; x_wconf 90' lang='lat' dir='ltr'>tantum</span> <span class='ocrx_word' id='word_1_173' title='bbox 1169 3326 1223 3398; x_wconf 89' lang='lat' dir='ltr'>per</span> 
     </span>
     <span class='ocr_line' id='line_1_25' title="bbox 126 3419 1223 3517; baseline -0.005 -23"><span class='ocrx_word' id='word_1_174' title='bbox 126 3447 272 3517; x_wconf 89' lang='lat' dir='ltr'>corpora</span> <span class='ocrx_word' id='word_1_175' title='bbox 289 3423 483 3516; x_wconf 90' lang='lat' dir='ltr'>diaphana:</span> <span class='ocrx_word' id='word_1_176' title='bbox 511 3444 588 3513; x_wconf 86' lang='lat' dir='ltr'>quae</span> <span class='ocrx_word' id='word_1_177' title='bbox 610 3422 753 3493; x_wconf 92' lang='lat' dir='ltr'>omnino</span> <span class='ocrx_word' id='word_1_178' title='bbox 777 3420 865 3492; x_wconf 87' lang='lat' dir='ltr'>falsa</span> <span class='ocrx_word' id='word_1_179' title='bbox 890 3431 985 3505; x_wconf 91' lang='lat' dir='ltr'>sunt,</span> <span class='ocrx_word' id='word_1_180' title='bbox 1004 3432 1043 3493; x_wconf 91' lang='lat' dir='ltr'>et</span> <span class='ocrx_word' id='word_1_181' title='bbox 1061 3445 1126 3516; x_wconf 89' lang='lat' dir='ltr'>per</span> <span class='ocrx_word' id='word_1_182' title='bbox 1142 3419 1223 3491; x_wconf 91' lang='lat' dir='ltr'>mul·</span> 
     </span>
     <span class='ocr_line' id='line_1_26' title="bbox 127 3537 1222 3633; baseline -0.004 -23"><span class='ocrx_word' id='word_1_183' title='bbox 127 3547 181 3610; x_wconf 86' lang='lat' dir='ltr'>tas</span> <span class='ocrx_word' id='word_1_184' title='bbox 198 3539 419 3613; x_wconf 83' lang='lat' dir='ltr'>exclusiones</span> <span class='ocrx_word' id='word_1_185' title='bbox 437 3539 608 3608; x_wconf 89' lang='lat' dir='ltr'>convicta.</span> <span class='ocrx_word' id='word_1_186' title='bbox 645 3537 741 3621; x_wconf 86' lang='lat' dir='ltr'>Quin</span> <span class='ocrx_word' id='word_1_187' title='bbox 759 3539 877 3631; x_wconf 90' lang='lat' dir='ltr'>potius</span> <span class='ocrx_word' id='word_1_188' title='bbox 894 3539 1092 3632; x_wconf 88' lang='lat' dir='ltr'>apparebit,</span> <span class='ocrx_word' id='word_1_189' title='bbox 1112 3541 1222 3633; x_wconf 83' lang='lat' dir='ltr'>(misso</span> 
     </span>
     <span class='ocr_line' id='line_1_27' title="bbox 127 3654 1222 3748; baseline -0.004 -22"><span class='ocrx_word' id='word_1_190' title='bbox 127 3657 217 3739; x_wconf 66' lang='lat' dir='ltr'>aere,</span> <span class='ocrx_word' id='word_1_191' title='bbox 236 3667 274 3727; x_wconf 92' lang='lat' dir='ltr'>et</span> <span class='ocrx_word' id='word_1_192' title='bbox 291 3654 509 3747; x_wconf 91' lang='lat' dir='ltr'>hujusmodi)</span> <span class='ocrx_word' id='word_1_193' title='bbox 528 3676 673 3746; x_wconf 91' lang='lat' dir='ltr'>corpora</span> <span class='ocrx_word' id='word_1_194' title='bbox 690 3656 836 3724; x_wconf 93' lang='lat' dir='ltr'>omnino</span> <span class='ocrx_word' id='word_1_195' title='bbox 854 3654 1001 3746; x_wconf 83' lang='lat' dir='ltr'>aequalia</span> <span class='ocrx_word' id='word_1_196' title='bbox 1020 3655 1222 3748; x_wconf 87' lang='lat' dir='ltr'>(secundum</span> 
     </span>
     <span class='ocr_line' id='line_1_28' title="bbox 127 3770 1224 3865; baseline -0.002 -24"><span class='ocrx_word' id='word_1_197' title='bbox 127 3773 308 3865; x_wconf 91' lang='lat' dir='ltr'>portiones</span> <span class='ocrx_word' id='word_1_198' title='bbox 337 3773 486 3864; x_wconf 88' lang='lat' dir='ltr'>opticas)</span> <span class='ocrx_word' id='word_1_199' title='bbox 514 3771 597 3840; x_wconf 87' lang='lat' dir='ltr'>dare</span> <span class='ocrx_word' id='word_1_200' title='bbox 628 3770 863 3863; x_wconf 82' lang='lat' dir='ltr'>diaphauum3</span> <span class='ocrx_word' id='word_1_201' title='bbox 886 3793 1032 3864; x_wconf 92' lang='lat' dir='ltr'>corpora</span> <span class='ocrx_word' id='word_1_202' title='bbox 1065 3795 1150 3844; x_wconf 84' lang='lat' dir='ltr'>vero</span> <span class='ocrx_word' id='word_1_203' title='bbox 1179 3774 1224 3841; x_wconf 94' lang='lat' dir='ltr'>in-</span> 
     </span>
    </p>
   </div>
   <div class='ocr_carea' id='block_1_4' title="bbox 125 4000 1226 4704">
    <p class='ocr_par' dir='ltr' id='par_1_5' title="bbox 125 4000 1226 4704">
     <span class='ocr_line' id='line_1_29' title="bbox 155 4000 1224 4075; baseline 0 -19"><span class='ocrx_word' id='word_1_204' title='bbox 155 4001 181 4041; x_wconf 73' lang='lat'>⁶⁰</span> <span class='ocrx_word' id='word_1_205' title='bbox 193 4001 226 4056; x_wconf 93' lang='lat' dir='ltr'>In</span> <span class='ocrx_word' id='word_1_206' title='bbox 238 4001 307 4056; x_wconf 89' lang='lat' dir='ltr'>their</span> <span class='ocrx_word' id='word_1_207' title='bbox 315 4002 400 4056; x_wconf 76' lang='lat' dir='ltr'>whole</span> <span class='ocrx_word' id='word_1_208' title='bbox 412 4001 465 4056; x_wconf 84' lang='lat' dir='ltr'>and</span> <span class='ocrx_word' id='word_1_209' title='bbox 477 4000 655 4057; x_wconf 86' lang='lat' dir='ltr'>undisturbed</span> <span class='ocrx_word' id='word_1_210' title='bbox 697 4003 801 4057; x_wconf 83' lang='lat' dir='ltr'>natural</span> <span class='ocrx_word' id='word_1_211' title='bbox 813 4011 888 4067; x_wconf 86' lang='lat' dir='ltr'>state,</span> <span class='ocrx_word' id='word_1_212' title='bbox 902 4019 1003 4074; x_wconf 82' lang='lat' dir='ltr'>consey</span> <span class='ocrx_word' id='word_1_213' title='bbox 1015 4011 1043 4057; x_wconf 90' lang='lat' dir='ltr'>to</span> <span class='ocrx_word' id='word_1_214' title='bbox 1058 4001 1106 4057; x_wconf 83' lang='lat' dir='ltr'>the</span> <span class='ocrx_word' id='word_1_215' title='bbox 1123 4021 1170 4075; x_wconf 85' lang='lat' dir='ltr'>eye</span> <span class='ocrx_word' id='word_1_216' title='bbox 1186 4000 1224 4056; x_wconf 82' lang='lat' dir='ltr'>the</span> 
     </span>
     <span class='ocr_line' id='line_1_30' title="bbox 127 4079 1224 4153; baseline 0.001 -17"><span class='ocrx_word' id='word_1_217' title='bbox 127 4089 194 4136; x_wconf 84' lang='lat' dir='ltr'>state</span> <span class='ocrx_word' id='word_1_218' title='bbox 206 4082 277 4151; x_wconf 85' lang='lat' dir='ltr'>glaes</span> <span class='ocrx_word' id='word_1_219' title='bbox 293 4079 346 4133; x_wconf 86' lang='lat' dir='ltr'>end</span> <span class='ocrx_word' id='word_1_220' title='bbox 359 4090 439 4135; x_wconf 84' lang='lat' dir='ltr'>water</span> <span class='ocrx_word' id='word_1_221' title='bbox 450 4083 527 4135; x_wconf 83' lang='lat' dir='ltr'>allow</span> <span class='ocrx_word' id='word_1_222' title='bbox 538 4080 584 4135; x_wconf 92' lang='lat' dir='ltr'>the</span> <span class='ocrx_word' id='word_1_223' title='bbox 595 4099 656 4153; x_wconf 87' lang='lat' dir='ltr'>rays</span> <span class='ocrx_word' id='word_1_224' title='bbox 696 4081 854 4153; x_wconf 85' lang='lat' dir='ltr'>impression</span> <span class='ocrx_word' id='word_1_225' title='bbox 866 4081 897 4136; x_wconf 85' lang='lat' dir='ltr'>oi</span> <span class='ocrx_word' id='word_1_226' title='bbox 906 4081 1058 4136; x_wconf 78' lang='lat' dir='ltr'>whiteuess.</span> <span class='ocrx_word' id='word_1_227' title='bbox 1083 4087 1102 4112; x_wconf 90' lang='lat'><strong>“</strong></span> <span class='ocrx_word' id='word_1_228' title='bbox 1111 4083 1145 4137; x_wconf 92' lang='lat' dir='ltr'>ln</span> <span class='ocrx_word' id='word_1_229' title='bbox 1157 4079 1224 4136; x_wconf 81' lang='lat' dir='ltr'>read·</span> 
     </span>
     <span class='ocr_line' id='line_1_31' title="bbox 125 4158 1224 4231; baseline 0.002 -17"><span class='ocrx_word' id='word_1_230' title='bbox 125 4159 156 4214; x_wconf 81' lang='lat' dir='ltr'>oi</span> <span class='ocrx_word' id='word_1_231' title='bbox 170 4159 239 4230; x_wconf 88' lang='lat' dir='ltr'>light</span> <span class='ocrx_word' id='word_1_232' title='bbox 256 4168 284 4212; x_wconf 92' lang='lat' dir='ltr'>to</span> <span class='ocrx_word' id='word_1_233' title='bbox 302 4176 364 4229; x_wconf 83' lang='lat' dir='ltr'>pass</span> <span class='ocrx_word' id='word_1_234' title='bbox 382 4158 500 4231; x_wconf 90' lang='lat' dir='ltr'>through</span> <span class='ocrx_word' id='word_1_235' title='bbox 513 4159 585 4213; x_wconf 89' lang='lat' dir='ltr'>them</span> <span class='ocrx_word' id='word_1_236' title='bbox 603 4159 657 4213; x_wconf 88' lang='lat' dir='ltr'>and</span> <span class='ocrx_word' id='word_1_237' title='bbox 697 4161 745 4231; x_wconf 91' lang='lat' dir='ltr'>ing</span> <span class='ocrx_word' id='word_1_238' title='bbox 762 4160 825 4224; x_wconf 91' lang='lat' dir='ltr'>this,</span> <span class='ocrx_word' id='word_1_239' title='bbox 838 4160 891 4214; x_wconf 86' lang='lat' dir='ltr'>and</span> <span class='ocrx_word' id='word_1_240' title='bbox 909 4178 990 4231; x_wconf 82' lang='lat' dir='ltr'>many</span> <span class='ocrx_word' id='word_1_241' title='bbox 1002 4160 1082 4216; x_wconf 87' lang='lat' dir='ltr'>other</span> <span class='ocrx_word' id='word_1_242' title='bbox 1098 4162 1224 4216; x_wconf 76' lang='lat' dir='ltr'>instance·</span> 
     </span>
     <span class='ocr_line' id='line_1_32' title="bbox 126 4238 1225 4312; baseline 0 -20"><span class='ocrx_word' id='word_1_243' title='bbox 126 4238 221 4292; x_wconf 74' lang='lat' dir='ltr'>retract</span> <span class='ocrx_word' id='word_1_244' title='bbox 242 4238 305 4309; x_wconf 84' lang='lat' dir='ltr'>only</span> <span class='ocrx_word' id='word_1_245' title='bbox 326 4255 341 4292; x_wconf 84' lang='lat' dir='ltr'>a</span> <span class='ocrx_word' id='word_1_246' title='bbox 362 4238 443 4303; x_wconf 87' lang='lat' dir='ltr'>little;</span> <span class='ocrx_word' id='word_1_247' title='bbox 468 4240 657 4311; x_wconf 86' lang='lat' dir='ltr'>cousequently</span> <span class='ocrx_word' id='word_1_248' title='bbox 698 4240 727 4294; x_wconf 92' lang='lat' dir='ltr'>in</span> <span class='ocrx_word' id='word_1_249' title='bbox 746 4239 791 4293; x_wconf 88' lang='lat' dir='ltr'>the</span> <span class='ocrx_word' id='word_1_250' title='bbox 813 4239 883 4294; x_wconf 83' lang='lat' dir='ltr'>Nor.</span> <span class='ocrx_word' id='word_1_251' title='bbox 902 4239 990 4310; x_wconf 88' lang='lat' dir='ltr'>Org.&#39;&#39;</span> <span class='ocrx_word' id='word_1_252' title='bbox 1009 4257 1072 4312; x_wconf 86' lang='lat' dir='ltr'>says</span> <span class='ocrx_word' id='word_1_253' title='bbox 1091 4238 1225 4300; x_wconf 81' lang='lat' dir='ltr'>Herschel,</span> 
     </span>
     <span class='ocr_line' id='line_1_33' title="bbox 126 4316 1225 4389; baseline -0.001 -17"><span class='ocrx_word' id='word_1_254' title='bbox 126 4316 189 4387; x_wconf 84' lang='lat' dir='ltr'>they</span> <span class='ocrx_word' id='word_1_255' title='bbox 201 4316 261 4387; x_wconf 85' lang='lat' dir='ltr'>give</span> <span class='ocrx_word' id='word_1_256' title='bbox 275 4333 308 4371; x_wconf 91' lang='lat' dir='ltr'>us</span> <span class='ocrx_word' id='word_1_257' title='bbox 326 4334 362 4370; x_wconf 94' lang='lat' dir='ltr'>no</span> <span class='ocrx_word' id='word_1_258' title='bbox 380 4317 514 4372; x_wconf 84' lang='lat' dir='ltr'>sensation</span> <span class='ocrx_word' id='word_1_259' title='bbox 526 4317 557 4370; x_wconf 81' lang='lat' dir='ltr'>oi</span> <span class='ocrx_word' id='word_1_260' title='bbox 566 4318 658 4372; x_wconf 79' lang='lat' dir='ltr'>white·</span> <span class='ocrx_word' id='word_1_261' title='bbox 699 4317 787 4386; x_wconf 88' lang='lat' dir='ltr'>(Disc.</span> <span class='ocrx_word' id='word_1_262' title='bbox 810 4320 824 4386; x_wconf 70' lang='lat' dir='ltr'>t</span> <span class='ocrx_word' id='word_1_263' title='bbox 842 4319 903 4389; x_wconf 89' lang='lat'>198)</span> <span class='ocrx_word' id='word_1_264' title='bbox 923 4323 942 4347; x_wconf 88' lang='lat'>“</span> <span class='ocrx_word' id='word_1_265' title='bbox 953 4335 1005 4372; x_wconf 87' lang='lat' dir='ltr'>one</span> <span class='ocrx_word' id='word_1_266' title='bbox 1023 4319 1115 4374; x_wconf 87' lang='lat' dir='ltr'>would</span> <span class='ocrx_word' id='word_1_267' title='bbox 1136 4321 1225 4374; x_wconf 82' lang='lat' dir='ltr'>almost</span> 
     </span>
     <span class='ocr_line' id='line_1_34' title="bbox 126 4394 1226 4468; baseline -0.001 -17"><span class='ocrx_word' id='word_1_268' title='bbox 126 4413 204 4451; x_wconf 84' lang='lat' dir='ltr'>nese:</span> <span class='ocrx_word' id='word_1_269' title='bbox 223 4394 301 4449; x_wconf 86' lang='lat' dir='ltr'>when</span> <span class='ocrx_word' id='word_1_270' title='bbox 313 4396 358 4449; x_wconf 90' lang='lat' dir='ltr'>the</span> <span class='ocrx_word' id='word_1_271' title='bbox 370 4397 441 4467; x_wconf 84' lang='lat' dir='ltr'>glaes</span> <span class='ocrx_word' id='word_1_272' title='bbox 453 4397 476 4450; x_wconf 88' lang='lat' dir='ltr'>is</span> <span class='ocrx_word' id='word_1_273' title='bbox 489 4396 624 4468; x_wconf 87' lang='lat' dir='ltr'>pounded,</span> <span class='ocrx_word' id='word_1_274' title='bbox 636 4399 659 4452; x_wconf 90' lang='lat' dir='ltr'>it</span> <span class='ocrx_word' id='word_1_275' title='bbox 698 4414 815 4468; x_wconf 90' lang='lat' dir='ltr'>suppose</span> <span class='ocrx_word' id='word_1_276' title='bbox 832 4396 897 4466; x_wconf 87' lang='lat' dir='ltr'>(had</span> <span class='ocrx_word' id='word_1_277' title='bbox 915 4397 937 4450; x_wconf 88' lang='lat' dir='ltr'>it</span> <span class='ocrx_word' id='word_1_278' title='bbox 954 4396 1022 4451; x_wconf 80' lang='lat' dir='ltr'>been</span> <span class='ocrx_word' id='word_1_279' title='bbox 1037 4399 1156 4467; x_wconf 75' lang='lat' dir='ltr'>written)</span> <span class='ocrx_word' id='word_1_280' title='bbox 1174 4398 1226 4452; x_wconf 82' lang='lat' dir='ltr'>thu</span> 
     </span>
     <span class='ocr_line' id='line_1_35' title="bbox 125 4473 1226 4544; baseline 0.003 -17"><span class='ocrx_word' id='word_1_281' title='bbox 125 4491 162 4528; x_wconf 92' lang='lat' dir='ltr'>no</span> <span class='ocrx_word' id='word_1_282' title='bbox 173 4473 267 4544; x_wconf 89' lang='lat' dir='ltr'>longer</span> <span class='ocrx_word' id='word_1_283' title='bbox 279 4475 368 4528; x_wconf 82' lang='lat' dir='ltr'>allows</span> <span class='ocrx_word' id='word_1_284' title='bbox 381 4473 412 4528; x_wconf 87' lang='lat' dir='ltr'>oi</span> <span class='ocrx_word' id='word_1_285' title='bbox 419 4474 658 4530; x_wconf 80' lang='lat' dir='ltr'>reimctionasbe·</span> <span class='ocrx_word' id='word_1_286' title='bbox 698 4477 733 4530; x_wconf 90' lang='lat' dir='ltr'>its</span> <span class='ocrx_word' id='word_1_287' title='bbox 762 4475 859 4530; x_wconf 89' lang='lat' dir='ltr'>author</span> <span class='ocrx_word' id='word_1_288' title='bbox 882 4474 935 4529; x_wconf 84' lang='lat' dir='ltr'>had</span> <span class='ocrx_word' id='word_1_289' title='bbox 958 4475 1040 4530; x_wconf 82' lang='lat' dir='ltr'>tehen</span> <span class='ocrx_word' id='word_1_290' title='bbox 1062 4476 1141 4532; x_wconf 84' lang='lat' dir='ltr'>them</span> <span class='ocrx_word' id='word_1_291' title='bbox 1163 4477 1226 4532; x_wconf 81' lang='lat' dir='ltr'>trun</span> 
     </span>
     <span class='ocr_line' id='line_1_36' title="bbox 126 4551 975 4625; baseline 0.002 -19"><span class='ocrx_word' id='word_1_292' title='bbox 126 4553 201 4616; x_wconf 79' lang='lat' dir='ltr'>fore3</span> <span class='ocrx_word' id='word_1_293' title='bbox 226 4551 279 4606; x_wconf 80' lang='lat' dir='ltr'>and</span> <span class='ocrx_word' id='word_1_294' title='bbox 298 4551 344 4607; x_wconf 87' lang='lat' dir='ltr'>the</span> <span class='ocrx_word' id='word_1_295' title='bbox 362 4569 422 4624; x_wconf 86' lang='lat' dir='ltr'>rays</span> <span class='ocrx_word' id='word_1_296' title='bbox 440 4553 471 4606; x_wconf 84' lang='lat' dir='ltr'>of</span> <span class='ocrx_word' id='word_1_297' title='bbox 488 4552 557 4624; x_wconf 86' lang='lat' dir='ltr'>light</span> <span class='ocrx_word' id='word_1_298' title='bbox 577 4553 659 4624; x_wconf 85' lang='lat' dir='ltr'>being</span> <span class='ocrx_word' id='word_1_299' title='bbox 699 4553 838 4610; x_wconf 76' lang='lat' dir='ltr'>Newton’s</span> <span class='ocrx_word' id='word_1_300' title='bbox 851 4553 975 4625; x_wconf 87' lang='lat' dir='ltr'>Oph&#39;es.”</span> 
     </span>
     <span class='ocr_line' id='line_1_37' title="bbox 127 4629 659 4704; baseline 0.002 -18"><span class='ocrx_word' id='word_1_301' title='bbox 127 4629 248 4686; x_wconf 82' lang='lat' dir='ltr'>reflected</span> <span class='ocrx_word' id='word_1_302' title='bbox 261 4631 289 4685; x_wconf 91' lang='lat' dir='ltr'>in</span> <span class='ocrx_word' id='word_1_303' title='bbox 301 4640 375 4704; x_wconf 86' lang='lat' dir='ltr'>great</span> <span class='ocrx_word' id='word_1_304' title='bbox 387 4632 529 4702; x_wconf 83' lang='lat' dir='ltr'>quantities</span> <span class='ocrx_word' id='word_1_305' title='bbox 546 4630 575 4684; x_wconf 92' lang='lat' dir='ltr'>in</span> <span class='ocrx_word' id='word_1_306' title='bbox 590 4632 659 4687; x_wconf 85' lang='lat' dir='ltr'>their</span> 
     </span>
    </p>
   </div>
   <div class='ocr_carea' id='block_1_5' title="bbox 0 0 1360 5226">
    <p class='ocr_par' dir='ltr' id='par_1_6' title="bbox 0 0 1360 5226">
     <span class='ocr_line' id='line_1_38' title="bbox 0 0 1360 5226; baseline 0 0"><span class='ocrx_word' id='word_1_307' title='bbox 0 0 1360 5226; x_wconf 95' lang='lat' dir='ltr'> </span> 
     </span>
    </p>
   </div>
  </div>
 </body>
</html>
