2708 5226
125 567 188 629 180
451 568 625 633 NOVUM
648 567 899 633 ORGANUM.

197 750 264 798 res.
315 729 440 821 Atque
467 731 581 822 primo
609 731 769 801 omnium
799 729 998 800 notandum
1027 735 1091 809 est,
1116 748 1202 818 quan

198 865 325 935 parvus
342 854 380 914 et
397 845 502 915 exilis
524 846 620 917 calor
636 847 747 916 etiam
764 869 808 916 ea
824 867 983 938 corpora,
1002 865 1080 935 quae
1101 842 1205 913 alon

198 960 346 1031 minime
375 962 535 1031 omnium
565 970 650 1031 sunt
676 963 886 1054 susceptiva,
909 962 1081 1030 immutet
1105 968 1207 1029 tamen

197 1086 236 1145 et
253 1075 415 1146 nonnihil
432 1075 628 1148 calefaciat
681 1076 779 1148 Nam
795 1079 872 1170 ipse
895 1076 994 1148 calor
1010 1097 1134 1145 manus
1148 1071 1208 1167 glo

198 1190 325 1262 bulum
351 1190 502 1284 plumbi,
522 1202 587 1264 aut
611 1194 760 1285 alicujus
785 1191 936 1278 metalli,
960 1191 1140 1285 paulisper
1161 1190 1209 1260 de·

198 1317 338 1379 tentum
360 1309 522 1380 nonnihil
545 1309 719 1381 calefacit.
770 1307 875 1380 Adeo
899 1308 1014 1391 facile,
1031 1318 1072 1380 et
1092 1309 1128 1376 in
1150 1329 1211 1376 om·

197 1424 311 1508 nibus,
322 1425 577 1496 transmittitur
593 1434 632 1495 et
648 1425 828 1496 excitatur
843 1423 949 1507 calor,
962 1447 1111 1517 corpore
1127 1420 1212 1492 nullo

197 1541 305 1610 modo
321 1541 366 1611 ad
383 1543 627 1634 apparentiam
643 1544 845 1611 immutato.

123 1660 183 1726 38.
206 1654 390 1728 Facillime
407 1658 567 1728 omnium
585 1679 772 1751 corporum
788 1656 883 1750 apud
899 1678 964 1726 nos
982 1664 1022 1726 et
1038 1656 1171 1749 excipit
1184 1664 1214 1725 et

197 1772 350 1843 remittit
382 1773 536 1844 calorem
564 1770 666 1856 aera
705 1773 800 1864 qnod
831 1773 967 1864 optime
999 1773 1158 1842 cernitur
1184 1772 1213 1839 in

198 1887 299 1957 vitris
333 1885 607 1959 calendaribns⁸.
667 1887 802 1958 Eorum
831 1886 1010 1958 conlectio
1039 1895 1096 1957 est
1124 1886 1215 1970 talie3

197 2003 392 2095 accipiatur
420 2005 552 2074 vitrum
582 2013 707 2075 ventre
737 2025 903 2084 concavo,
934 2002 1030 2074 collo
1059 2003 1158 2074 tenui
1184 2010 1216 2072 et

198 2120 375 2215 oblongo;
402 2123 637 2215 resupinatur,
658 2131 697 2192 et
718 2122 930 2192 demittatur
950 2119 1155 2213 hujusmodi
1176 2122 1215 2189 ri-

198 2244 306 2320 trum‚
330 2259 391 2308 ore
415 2237 580 2309 deorsum
606 2259 717 2319 verso,
739 2248 866 2309 ventre
891 2258 1042 2321 sursum,
1067 2239 1104 2308 in
1129 2235 1215 2308 aliud

199 2352 380 2424 vasculum
404 2353 558 2424 vitreum
582 2353 644 2423 ubi
671 2353 718 2423 sit
740 2376 845 2444 aqua,
865 2354 1048 2446 tangendo
1077 2352 1215 2422 fundum

197 2470 330 2540 vasculi
348 2468 445 2540 illius
462 2470 676 2561 recipientis,
694 2478 857 2539 extremo
874 2492 936 2540 ore
954 2471 1036 2539 vitri
1054 2469 1216 2551 immioei3

198 2596 235 2656 et
261 2586 444 2656 incumbat
471 2586 655 2678 paululum
681 2586 759 2655 vitri
789 2587 936 2656 immissi
963 2583 1099 2655 collum
1121 2586 1163 2656 ad
1184 2606 1217 2655 os

199 2704 281 2772 vitri
306 2703 519 2794 recipientis,
538 2704 589 2772 ita
609 2712 651 2772 ut
674 2711 767 2772 stare
791 2703 926 2794 possit;
952 2701 1049 2792 quod
1068 2711 1111 2770 ut
1133 2723 1217 2771 com·

198 2820 337 2889 modius
358 2819 430 2902 liat,
447 2827 645 2912 apponatur
662 2841 786 2912 parum
804 2840 892 2889 cerae
913 2818 958 2888 ad
977 2841 1017 2888 os
1035 2820 1119 2888 vitri
1142 2818 1216 2888 reci·

199 2936 337 3027 pientis‚
355 2937 407 3005 ita
424 2945 544 3006 tamen
561 2945 604 3005 ut
623 2957 695 3006 non
714 2936 857 3027 penitus
879 2934 1070 3004 obturetur
1085 2957 1125 3005 os
1141 2936 1217 3027 ejus,

198 3074 244 3122 ne
261 3051 307 3121 ob
325 3052 505 3123 defectum
518 3052 606 3122 aeris
623 3051 848 3122 succedentis
864 3051 1083 3143 impediatur
1099 3059 1217 3129 motus

199 3167 244 3238 de
261 3191 331 3259 quo
349 3169 425 3260 jam
444 3168 591 3251 dicetur,
609 3169 672 3258 qui
689 3175 744 3236 est
761 3166 955 3237 admodum
973 3165 1089 3237 facilis
1112 3166 1218 3238 etde

199 3281 335 3353 licatus.

250 3397 403 3492 Oportet
432 3408 553 3471 antem
581 3411 622 3470 nt
648 3402 781 3471 vitrum
808 3399 1011 3479 demissum,
1036 3407 1218 3491 autequam

199 3517 373 3586 inseratur
395 3517 432 3585 in
455 3515 622 3599 alterum,
640 3516 780 3586 calefiat
803 3515 848 3585 ad
872 3517 992 3607 ignem
1009 3536 1032 3583 a
1048 3523 1150 3605 parte
1171 3536 1220 3584 su·

199 3633 337 3724 periori,
367 3640 491 3702 ventre
525 3631 671 3702 scilicet.
736 3629 933 3721 Postquam
966 3637 1090 3699 autem
1121 3630 1220 3699 fuerit

199 3748 331 3816 vitrum
366 3746 454 3818 illud
484 3747 708 3828 collocatum,
738 3757 780 3815 ut
810 3747 977 3827 diximus,
1008 3747 1160 3838 recipiet
1188 3755 1220 3817 et

201 3863 388 3933 contrahet
410 3885 448 3932 se
468 3865 528 3934 aer
548 3864 624 3956 (qni
648 3861 818 3933 dilatatus
840 3873 918 3933 erat
942 3886 1005 3955 per
1025 3863 1221 3935 calefactio

161 4036 352 4093 ⁷Erroneone.
390 4038 433 4093 Cf.
450 4057 540 4110 supra,
554 4045 616 4095 note
628 4055 654 4109 5,
695 4039 794 4093 tiones
804 4040 860 4102 Air,
872 4040 922 4094 but
934 4039 966 4093 ol
976 4040 1113 4113 Mercury.
1149 4040 1222 4095 Nee·

126 4114 180 4169 aud
192 4115 231 4170 11,
247 4133 288 4171 12.
303 4116 371 4172 last.
383 4119 424 4172 18.
695 4122 744 4172 tou
762 4116 810 4172 has
829 4117 876 4171 the
893 4117 977 4171 eredit
994 4119 1027 4173 os
1043 4120 1146 4190 having
1162 4119 1223 4174 been

161 4192 556 4261 ⁸cauersche1‘sniscoune,
569 4194 655 4267 §85⁶-
696 4196 741 4250 the
760 4195 820 4250 first
839 4206 868 4249 to
888 4194 1017 4266 graduate
1036 4198 1083 4252 the
1100 4198 1224 4253 liname-

127 4271 209 4327 “The
232 4273 440 4338 l'hermometer,
464 4293 494 4328 aa
517 4276 656 4345 originally
696 4275 807 4328 meter.”
843 4273 1128 4331 'l’hielastremarlris
1142 4276 1224 4345 surely

126 4352 296 4406 oonstmcted
320 4352 356 4424 by
378 4353 518 4407 Cornelius
538 4353 655 4416 Drebell‚
697 4370 806 4423 wrong;
828 4352 870 4406 lor
884 4352 976 4407 Baeou
991 4354 1079 4409 below
1094 4354 1224 4426 expressly

126 4448 180 4484 was
201 4448 236 4484 an
257 4431 305 4484 Air
323 4431 532 4486 Thermometer.
567 4432 657 4486 'I'hose
697 4448 758 4502 says
782 4430 903 4485 “Debet
928 4432 1044 4503 appendi
1067 4434 1160 4488 charta
1181 4449 1224 4487 aa·

127 4527 188 4563 now
208 4510 235 4563 iu
257 4527 306 4564 use
324 4527 445 4565 measure
462 4511 611 4565 accessione
629 4510 660 4564 ol'
697 4518 777 4581 gustu
793 4517 820 4563 et
837 4507 963 4579 oblonga,
976 4522 1003 4564 et
1013 4512 1142 4580 predita
1153 4512 1224 4584 (quot

130 4586 208 4651 lieet,
226 4597 274 4642 not
289 4589 326 4660 by
343 4588 388 4643 the
406 4587 501 4660 degree
518 4590 550 4643 oi
565 4587 657 4643 dilata-
697 4588 817 4656 libuerit)
828 4587 1024 4642 inmunes?
