2708 5226
516 557 603 631 12113.
623 566 651 631 Ι.
669 568 719 650 89.
1126 571 1169 633 85

58 733 289 830 philosophia
318 733 489 805 naturalis
520 757 584 828 per
617 757 740 806 omnes
775 741 897 805 aetates
931 735 1171 807 adversarium

58 852 256 925 molestum
289 860 330 923 et
362 849 540 921 difficilem
553 864 580 936 ;'
602 850 890 944 superstitionem
925 851 1103 933 nimirum,
1135 862 1173 921 et

60 969 174 1043 zelum
202 967 393 1062 religionis
419 990 551 1038 caecum
578 976 617 1038 et
645 968 919 1037 immoderatum
931 964 970 1038 ⁹⁵.
1026 968 1172 1038 Etenim

59 1087 176 1157 ridere
195 1092 258 1155 est
274 1084 370 1176 apud
389 1083 527 1156 Graecos
536 1081 574 1166 ⁹⁶,
595 1106 666 1166 eos,
681 1085 739 1175 qui
758 1085 913 1176 primum
931 1106 1053 1154 causas
1070 1094 1174 1153 natu-

59 1201 148 1273 rales
166 1200 337 1272 fulminis
357 1207 395 1270 et
415 1208 670 1293 tempestatum
688 1200 837 1269 insuetis
854 1200 969 1270 adhuc
987 1200 1173 1269 hominum

60 1318 205 1389 auribus
236 1325 510 1410 proposuerunt,
541 1316 735 1407 impietatis
769 1317 805 1384 in
841 1316 926 1386 deos
955 1338 998 1386 eo
1028 1317 1172 1386 nomine

61 1435 272 1506 damnatos:
304 1456 371 1504 nec
396 1431 511 1502 multo
541 1431 669 1503 melius
694 1455 716 1502 a
740 1431 919 1502 nonnullis
945 1433 1172 1522 antiquorum

61 1563 202 1646 patrum
221 1550 406 1644 religionis
423 1549 631 1621 Christianae
648 1561 817 1641 exceptos
835 1550 943 1620 fuisse
961 1572 1033 1631 eos,
1047 1551 1108 1640 qui
1126 1572 1173 1619 ex

63 1667 271 1741 certissimis
284 1667 645 1738 demonstrationibus
660 1666 803 1758 (quibus
821 1689 927 1736 nemo
944 1665 1050 1737 hodie
1067 1687 1173 1736 sanus

63 1781 337 1870 contradixerit)
359 1791 491 1854 terram
516 1783 707 1852 rotundam
733 1805 809 1854 esse
835 1791 1041 1875 posuerunt,
1063 1792 1173 1874 atque

64 1922 108 1973 cx
123 1899 362 1992 consequenti
378 1899 566 1991 antipodas
583 1921 661 1970 esse
678 1909 915 1971 asseruerunt.

110 2017 334 2102 Quinetiam,
351 2024 393 2085 ut
415 2038 510 2085 nunc
533 2023 617 2085 sunt
640 2036 706 2097 res,
726 2016 884 2086 conditio
905 2039 1107 2111 sermonum
1126 2016 1172 2086 de

64 2143 190 2205 natura
208 2133 306 2203 facta
321 2140 377 2203 est
397 2131 518 2201 durior
541 2141 578 2201 et
601 2132 713 2224 magis
736 2154 818 2202 cum
842 2131 1010 2225 periculo,
1028 2140 1173 2225 propter

65 2248 315 2344 theologorum
336 2247 626 2318 scholasticorum
647 2270 803 2319 summas
820 2256 858 2318 et
874 2249 1083 2332 methodos;
1111 2247 1173 2338 qui

65 2389 142 2438 cum
161 2362 383 2458 theologiam
402 2365 501 2456 (satis
524 2386 587 2456 pro
612 2369 805 2457 potestate)
827 2364 865 2434 in
888 2365 1048 2434 ordinem
1073 2362 1174 2433 rede·

64 2485 191 2577 gerint,
211 2487 251 2551 et
272 2481 311 2550 in
330 2482 416 2551 artis
440 2480 590 2551 formam
612 2480 825 2563 effinxerint,
843 2480 911 2550 hoc
929 2481 1072 2571 insuper
1089 2477 1173 2548 effe-

66 2607 202 2682 cerunt,
229 2606 274 2668 ut
300 2619 445 2691 pugnax
474 2604 512 2667 et
547 2598 687 2690 spinosa
716 2596 924 2669 Aristotelis
952 2595 1173 2689 philosophia

66 2717 202 2810 corpori
221 2712 412 2807 religionis,
429 2710 633 2804 plusquam
652 2737 716 2806 per
732 2723 820 2796 erat,
838 2715 1109 2784 immisceretur.

109 2832 257 2904 Eodem
282 2831 390 2901 etiam
417 2837 580 2921 spectant
606 2829 708 2918 (licet
733 2830 873 2902 diverso
898 2830 1020 2916 modo)
1048 2851 1172 2902 eorum

65 2947 395 3028 commentationes,
412 2946 474 3037 qni
493 2947 682 3017 veritatem
701 2944 910 3017 Christianae
927 2946 1108 3040 religionis
1126 2969 1172 3017 ex

66 3071 250 3165 principiis
270 3092 316 3141 ex
333 3069 607 3139 auctoritatibus
627 3068 917 3164 philosophorum
935 3072 1110 3142 deducere
1134 3081 1172 3141 et

64 3188 276 3259 confirmare
293 3185 387 3257 haud
405 3187 508 3257 veriti
530 3197 637 3271 sunt3
664 3188 748 3258 fidei
765 3198 804 3260 et
821 3211 943 3259 sensus
965 3189 1172 3280 conjugium

65 3311 238 3396 tanquam
262 3301 464 3396 legitimum
490 3303 606 3373 multa
628 3326 759 3396 pompa
782 3313 820 3375 et
843 3302 1056 3373 solennitate
1079 3301 1172 3372 cele·

62 3420 221 3502 brantes,
251 3425 289 3489 et
322 3429 424 3513 grata
458 3440 576 3488 rerum
612 3420 782 3488 varietate
814 3419 951 3487 animos
985 3416 1171 3486 hominum

63 3533 356 3630 permulcentes;
400 3536 462 3605 sed
497 3535 641 3603 interim
675 3535 796 3605 divina
834 3534 1009 3616 humanis,
1044 3537 1170 3627 impari

98 3733 125 3773 ⁹⁸
143 3733 188 3789 cf.
201 3751 275 3805 supr.
290 3734 312 3788 1.
325 3733 369 3805 65.
385 3732 439 3788 and
455 3733 598 3805 Appendix
640 3743 715 3789 notre
731 3734 809 3789 siecle
821 3752 837 3787 a
849 3732 965 3804 proteres
978 3742 1068 3788 contre
1079 3735 1105 3788 le
1116 3734 1172 3789 bon

64 3812 97 3869 (l.
111 3811 435 3884 lorallthisAphorism.
640 3832 711 3879 sens,
735 3815 761 3868 la
784 3813 891 3876 morale,
914 3822 941 3867 et
963 3814 989 3867 la
1013 3812 1115 3885 dignite
1138 3814 1172 3870 de

98 3890 510 3962 ll(ll.A1'istoph.Nuh.365.
547 3892 600 3949 For
638 3893 775 3956 l’homme‚
788 3909 825 3946 on
846 3892 909 3946 n’en
926 3900 1050 3947 honrem
1067 3909 1115 3962 pas
1133 3910 1171 3947 un

63 3970 109 4026 the
126 3969 210 4025 heliel
225 3987 255 4024 as
273 3978 302 4024 to
320 3971 424 4041 gravity
441 3971 531 4041 acting
548 3989 598 4041 up·
640 3973 698 4026 seul
713 3971 760 4044 qui
778 3988 811 4025 ne
829 3989 858 4025 se
875 3981 970 4026 moure
987 3989 1024 4026 ou
1038 3972 1171 4026 virtuelle·

62 4048 160 4113 warde,
174 4045 460 4119 andastoantipodes
473 4067 516 4103 see
529 4050 599 4114 Mill,
639 4059 714 4104 ment
743 4068 781 4104 ou
808 4050 1006 4120 expressement
1036 4049 1103 4104 dans
1133 4051 1172 4105 les

63 4126 116 4182 Bk.
127 4126 167 4182 11.
180 4125 258 4198 chap.
267 4145 295 4182 v.
309 4129 323 4195 §
335 4125 361 4181 6.
640 4146 744 4185 oeurres
763 4127 796 4183 de
814 4128 914 4184 Bacon.
939 4128 1023 4197 (Note
1041 4138 1070 4184 to
1086 4128 1171 4185 Stric-

97 4205 166 4261 This
178 4204 360 4276 aphorismis
374 4223 390 4260 a
403 4206 523 4261 valuable
538 4225 598 4274 one,
639 4218 721 4271 tures,
739 4226 766 4278 p.
779 4205 854 4279 306.)
894 4207 961 4263 This
979 4208 1002 4264 is
1020 4209 1065 4263 the
1084 4214 1102 4238 “
1114 4211 1172 4263 ani·

63 4301 93 4341 as
112 4283 235 4353 ahewing
255 4283 313 4338 that
331 4283 424 4339 Bacon
443 4303 496 4340 was
517 4305 534 4342 a
553 4287 597 4342 be·
639 4287 724 4342 mus”
744 4288 775 4341 ol
792 4287 828 4341 all
847 4286 884 4341 la
904 4287 1040 4342 Maistre's
1059 4289 1172 4353 attacks,

64 4362 599 4432 licuerinrcligion,andasensibleone
639 4365 693 4420 and
714 4366 789 4421 tslres
813 4374 861 4420 not
884 4383 899 4420 a
922 4366 989 4421 little
1010 4366 1080 4420 lrom
1103 4365 1173 4420 their

65 4452 120 4497 too.
156 4439 195 4495 Le
215 4439 325 4495 Maistre
342 4442 444 4496 attacks
462 4441 519 4497 him
536 4443 600 4498 here
639 4445 725 4498 value.
746 4445 878 4499 Hallam's
888 4444 940 4499 Lit.
948 4445 979 4499 ol
986 4445 1102 4513 Europe,
1113 4454 1172 4515 part

66 4535 129 4592 very
142 4519 286 4592 violently:
308 4523 326 4549 “
341 4519 429 4574 Parmi
446 4521 471 4575 le
489 4521 600 4577 nombre
642 4523 696 4579 Ill.
716 4523 839 4595 chapiii.
862 4527 877 4593 t
886 4537 919 4595 51
940 4524 1035 4592 (note),
1054 4531 1117 4592 puts
1134 4522 1171 4575 le

68 4615 181 4676 presque
201 4597 278 4654 inlini
299 4597 334 4655 de
352 4599 526 4675 Blasphemca
548 4619 600 4674 que
641 4603 754 4659 Maistre
762 4601 838 4658 athis
845 4602 918 4676 right
925 4602 1009 4657 worth
1017 4618 1080 4676 very
1087 4600 1170 4672 fairly.
