2708 5226
207 555 273 618 220
533 550 708 617 NOVUM
730 550 981 617 ORGANUM.

208 719 340 811 Neque
363 718 460 789 enim
478 719 515 788 in
532 717 587 789 his
609 720 718 790 etiam
736 718 980 790 desistendum
997 717 1044 788 ab
1069 716 1296 810 inquisitione,

206 836 321 905 donec
346 835 548 904 inveniatur
569 857 675 906 causa
698 835 899 927 hujusmodi
923 832 1186 906 declinationis.
1235 835 1298 907 Ve-

206 960 395 1022 runtamen
414 973 520 1022 causa
536 951 598 1023 illa
622 973 693 1022 non
720 953 880 1046 exsurgit
902 951 949 1022 ad
974 951 1130 1021 formam
1156 952 1298 1045 aliquam

205 1068 357 1161 proprie,
374 1067 436 1137 sed
460 1076 602 1138 tantum
619 1069 664 1138 ad
687 1064 846 1140 launum
862 1090 1061 1162 processum
1084 1068 1131 1139 ad
1150 1069 1297 1140 formam.

207 1182 281 1268 Qui
297 1184 395 1254 enim
411 1185 484 1255 vias
501 1193 633 1256 naturae
653 1186 803 1265 noverit,
821 1185 851 1254 is
868 1182 1079 1255 mutones
1101 1186 1212 1256 etiam
1227 1186 1299 1256 faci·

206 1299 276 1371 lius
301 1300 511 1371 observabit.
561 1298 615 1371 At
639 1323 768 1385 rursus,
785 1301 847 1394 qui
872 1298 1084 1372 deviationes
1108 1303 1298 1384 noveritis

206 1417 404 1487 accuratius
419 1417 493 1488 vias
514 1417 701 1489 describet.

257 1531 381 1625 Atque
403 1532 440 1602 in
458 1531 520 1602 illo
537 1530 704 1603 differunt
720 1534 830 1604 etiam
847 1532 892 1604 ab
910 1532 1091 1605 instantiis
1110 1534 1297 1616 monodicu

207 1650 303 1741 quod
336 1649 453 1720 multo
487 1650 599 1744 magis
631 1650 810 1722 instruant
843 1651 972 1743 praxin
1007 1659 1046 1721 et
1080 1655 1296 1745 operativum

208 1762 306 1834 Nam
324 1786 434 1835 novas
456 1767 590 1856 species
612 1788 791 1860 generare,
809 1766 960 1837 arduum
980 1767 1179 1840 admodum
1195 1771 1297 1841 foret:

206 1886 245 1950 at
270 1880 404 1972 species
430 1889 532 1950 notas
558 1881 702 1966 variare,
720 1892 759 1954 et
783 1882 868 1954 inde
893 1905 972 1954 rara
993 1882 1112 1955 multa
1136 1909 1180 1957 ac
1204 1886 1298 1956 inusi-

206 2002 284 2067 tata
309 1997 512 2089 producere,
533 1998 651 2070 minus
677 1999 839 2071 arduum.
892 1998 1021 2071 Facilis
1046 2011 1172 2073 autem
1200 2012 1299 2074 traus-

206 2113 279 2183 itus
308 2120 363 2184 est
387 2135 409 2183 a
433 2114 611 2186 miraculis
640 2124 775 2188 naturae
803 2117 849 2188 ad
874 2115 1046 2189 miracula
1077 2116 1208 2192 artis⁷⁷.
1265 2118 1297 2189 si

206 2229 303 2300 enim
333 2230 619 2324 deprehendatur
646 2231 756 2304 semel
787 2241 914 2305 natura
940 2233 978 2303 in
1009 2235 1207 2309 variatione
1234 2259 1297 2319 sua,

205 2343 351 2436 ejusque
374 2345 464 2415 ratio
486 2345 676 2419 manifesta
697 2346 829 2430 fuerit3
854 2348 1065 2441 expeditum
1089 2350 1161 2419 erit
1184 2372 1227 2420 eo
1248 2349 1299 2418 de

205 2459 335 2532 ducere
358 2468 522 2531 naturam
545 2484 610 2554 per
625 2471 750 2545 artem,
768 2486 839 2556 quo
861 2486 926 2555 per
944 2486 1066 2534 casum
1083 2464 1298 2536 aberraverit.

206 2575 337 2670 Neque
360 2577 475 2649 solum
493 2601 546 2662 eo,
564 2579 626 2649 sed
644 2588 682 2649 et
701 2579 889 2663 aliorsum
916 2603 998 2650 cum
1016 2603 1153 2653 errores
1176 2605 1224 2652 ex
1239 2604 1299 2652 una

204 2703 305 2786 parte
328 2704 530 2766 monstrent
547 2705 585 2767 et
607 2697 768 2789 aperiant
785 2697 878 2766 viam
895 2697 941 2766 ad
963 2720 1099 2768 errores
1121 2709 1161 2771 et
1178 2699 1299 2770 defler-

204 2811 302 2883 iones
326 2813 572 2905 undequaque.
624 2811 698 2882 Hic
725 2835 808 2884 vero
832 2813 1005 2906 exemplis
1031 2837 1105 2885 non
1131 2825 1187 2887 est
1212 2839 1297 2909 opus

206 2936 350 3020 propter
372 2930 566 2999 eorundem
586 2930 735 3021 copiam.
788 2928 964 3000 Facienda
987 2931 1083 3001 enim
1103 2944 1159 3005 est
1181 2957 1299 3028 conge-

205 3046 274 3117 ries
300 3048 373 3118 sive
399 3046 547 3119 historia
573 3047 742 3119 naturalis
768 3045 989 3140 particularis
1019 3050 1184 3119 omnium
1210 3072 1299 3120 mon·

205 3171 370 3245 atrorum,
405 3174 443 3234 et
476 3174 643 3257 partuum
678 3172 811 3234 naturae
845 3163 1151 3257 prodigiosorum
1194 3166 1298 3236 omnis

205 3280 358 3373 denique
383 3281 562 3363 novitatis,
580 3290 619 3352 et
641 3281 803 3363 raritatis,
821 3291 859 3351 et
881 3280 1081 3351 inconsueti
1106 3283 1145 3353 in
1169 3293 1296 3354 natura

206 3394 288 3469 Hoc
314 3422 398 3469 vero
424 3397 625 3468 faciendum
652 3406 707 3468 est
732 3420 815 3466 cum
841 3397 1062 3467 severissimo
1088 3398 1243 3483 delectu,
1265 3407 1299 3468 ut

205 3524 345 3586 constet
371 3515 468 3586 fides.
522 3513 685 3586 Maxime
709 3522 831 3584 autem
857 3513 1022 3584 habenda
1046 3525 1133 3586 sunt
1159 3540 1223 3609 pro
1251 3540 1299 3586 su·

205 3634 345 3725 spectio,
369 3655 447 3725 quoe
470 3633 628 3726 pendent
651 3632 971 3724 quomodocunque
997 3654 1019 3701 a
1040 3631 1237 3727 religione3
1265 3641 1299 3703 ut

204 3751 364 3843 prodigia
381 3747 496 3819 Livii:
524 3773 590 3820 nec
606 3750 736 3832 minus,
755 3772 832 3840 quae
855 3749 1085 3818 inveniuntur
1107 3751 1145 3820 in
1163 3754 1300 3843 scripto·

204 3866 301 3937 ribus
329 3867 454 3960 magiae
480 3867 659 3950 naturalis,
684 3867 881 3938 autetiam
906 3865 1101 3958 alchymiae,
1124 3878 1163 3939 et
1189 3869 1299 3962 hujus·

204 3983 300 4053 modi
325 3982 548 4068 bominibus3
575 3986 636 4077 qui
659 3994 828 4077 tanquam
851 3984 948 4076 proci
971 3992 1110 4055 suntet
1130 3995 1298 4058 amatores

204 4098 415 4170 fabularum.
468 4100 539 4172 Sed
558 4101 799 4194 depromenda
815 4110 899 4171 sunt
923 4100 984 4170 ilia
1002 4123 1047 4172 ex
1065 4103 1164 4195 gravi
1183 4112 1222 4174 et
1237 4101 1299 4172 fida

203 4217 359 4301 historia,
377 4226 416 4288 et
432 4218 672 4289 auditionibus
689 4219 805 4289 certis.

238 4370 264 4412 ⁷⁷
284 4371 361 4443 rim
381 4371 462 4444 nixus
479 4374 587 4444 ἔστερξε
606 4375 647 4428 καὶ
666 4372 731 4445 τύχη
772 4373 812 4426 lar
835 4372 952 4443 changes
975 4372 1003 4425 in
1027 4370 1199 4429 individualis.
1239 4371 1298 4427 Nc!

202 4451 304 4521 τέχνην.
340 4452 387 4508 Ar.
401 4452 465 4507 Eth.
478 4452 539 4508 Nic.
550 4451 600 4506 vl.
614 4472 639 4520 4.
654 4466 679 4524 5.
773 4452 873 4523 specics
892 4469 931 4505 we
951 4449 1046 4523 hardly
1063 4468 1126 4524 may
1143 4451 1179 4507 be
1199 4451 1256 4506 able
1273 4459 1297 4503 to

239 4529 280 4604 By
295 4530 429 4604 watching
444 4532 490 4587 the
504 4531 620 4603 changes
635 4531 664 4586 iu
675 4531 732 4586 Na·
773 4539 868 4595 creata
880 4530 930 4586 but
946 4547 1005 4584 new
1016 4529 1137 4586 varium
1149 4549 1189 4586 we
1204 4548 1260 4594 cau,
1270 4543 1296 4582 aa

201 4619 262 4665 ture
273 4628 313 4666 we
325 4628 387 4684 may
398 4612 472 4667 leam
483 4621 512 4667 to
526 4609 643 4683 produce
658 4611 732 4666 simi·
772 4609 801 4664 in
814 4609 1006 4665 Horticsdturs.
