<?xml version="1.0" encoding="UTF-8"?>
<!DOCTYPE html PUBLIC "-//W3C//DTD XHTML 1.0 Transitional//EN"
    "http://www.w3.org/TR/xhtml1/DTD/xhtml1-transitional.dtd">
<html xmlns="http://www.w3.org/1999/xhtml" xml:lang="en" lang="en">
 <head>
  <title>
</title>
<meta http-equiv="Content-Type" content="text/html;charset=utf-8" />
  <meta name='ocr-system' content='tesseract 3.04.00' />
  <meta name='ocr-capabilities' content='ocr_page ocr_carea ocr_par ocr_line ocrx_word'/>
</head>
<body>
  <div class='ocr_page' id='page_1' title='image "./franciscibaconi00kitcgoog_0135.png"; bbox 0 0 2708 5226; ppageno 0'>
   <div class='ocr_carea' id='block_1_1' title="bbox 202 556 979 624">
    <p class='ocr_par' dir='ltr' id='par_1_1' title="bbox 202 556 979 624">
     <span class='ocr_line' id='line_1_1' title="bbox 202 556 979 624; baseline 0.003 -2"><span class='ocrx_word' id='word_1_1' title='bbox 202 560 266 622; x_wconf 83' lang='lat'>104</span> <span class='ocrx_word' id='word_1_2' title='bbox 533 556 708 623; x_wconf 86' lang='lat' dir='ltr'>NOVUM</span> <span class='ocrx_word' id='word_1_3' title='bbox 731 557 979 624; x_wconf 83' lang='lat' dir='ltr'><strong>ORGANUM.</strong></span> 
     </span>
    </p>
   </div>
   <div class='ocr_carea' id='block_1_2' title="bbox 201 722 1319 4415">
    <p class='ocr_par' dir='ltr' id='par_1_2' title="bbox 201 722 1305 1728">
     <span class='ocr_line' id='line_1_2' title="bbox 201 722 1294 820; baseline 0 -25"><span class='ocrx_word' id='word_1_4' title='bbox 201 724 270 812; x_wconf 92' lang='lat' dir='ltr'>his,</span> <span class='ocrx_word' id='word_1_5' title='bbox 286 745 365 816; x_wconf 87' lang='lat' dir='ltr'>quaa</span> <span class='ocrx_word' id='word_1_6' title='bbox 383 723 460 815; x_wconf 91' lang='lat' dir='ltr'>jam</span> <span class='ocrx_word' id='word_1_7' title='bbox 484 723 632 795; x_wconf 85' lang='lat' dir='ltr'>inventa</span> <span class='ocrx_word' id='word_1_8' title='bbox 656 733 752 809; x_wconf 84' lang='lat' dir='ltr'>eunt,</span> <span class='ocrx_word' id='word_1_9' title='bbox 775 727 852 820; x_wconf 87' lang='lat' dir='ltr'>ejus</span> <span class='ocrx_word' id='word_1_10' title='bbox 875 726 948 797; x_wconf 86' lang='lat' dir='ltr'>sint</span> <span class='ocrx_word' id='word_1_11' title='bbox 969 722 1120 818; x_wconf 86' lang='lat' dir='ltr'>generis,</span> <span class='ocrx_word' id='word_1_12' title='bbox 1137 731 1188 806; x_wconf 91' lang='lat' dir='ltr'>nt,</span> <span class='ocrx_word' id='word_1_13' title='bbox 1205 730 1294 795; x_wconf 78' lang='lat' dir='ltr'>ante</span> 
     </span>
     <span class='ocr_line' id='line_1_3' title="bbox 202 839 1295 935; baseline 0.001 -24"><span class='ocrx_word' id='word_1_14' title='bbox 202 863 309 932; x_wconf 91' lang='lat' dir='ltr'>quam</span> <span class='ocrx_word' id='word_1_15' title='bbox 338 839 591 923; x_wconf 82' lang='lat' dir='ltr'>invenirentur,</span> <span class='ocrx_word' id='word_1_16' title='bbox 622 841 718 912; x_wconf 89' lang='lat' dir='ltr'>haud</span> <span class='ocrx_word' id='word_1_17' title='bbox 748 840 852 913; x_wconf 82' lang='lat' dir='ltr'>facile</span> <span class='ocrx_word' id='word_1_18' title='bbox 882 841 1048 935; x_wconf 91' lang='lat' dir='ltr'>cuiquam</span> <span class='ocrx_word' id='word_1_19' title='bbox 1079 841 1118 910; x_wconf 95' lang='lat' dir='ltr'>in</span> <span class='ocrx_word' id='word_1_20' title='bbox 1144 847 1295 912; x_wconf 89' lang='lat' dir='ltr'>mentem</span> 
     </span>
     <span class='ocr_line' id='line_1_4' title="bbox 202 954 1298 1049; baseline -0.001 -24"><span class='ocrx_word' id='word_1_21' title='bbox 202 958 369 1039; x_wconf 86' lang='lat' dir='ltr'>venisset,</span> <span class='ocrx_word' id='word_1_22' title='bbox 385 956 432 1026; x_wconf 89' lang='lat' dir='ltr'>de</span> <span class='ocrx_word' id='word_1_23' title='bbox 447 955 491 1026; x_wconf 91' lang='lat' dir='ltr'>iis</span> <span class='ocrx_word' id='word_1_24' title='bbox 506 954 642 1049; x_wconf 91' lang='lat' dir='ltr'>aliquid</span> <span class='ocrx_word' id='word_1_25' title='bbox 659 956 849 1049; x_wconf 89' lang='lat' dir='ltr'>suspicari;</span> <span class='ocrx_word' id='word_1_26' title='bbox 876 956 938 1028; x_wconf 90' lang='lat' dir='ltr'>sed</span> <span class='ocrx_word' id='word_1_27' title='bbox 955 955 1063 1049; x_wconf 85' lang='lat' dir='ltr'>plane</span> <span class='ocrx_word' id='word_1_28' title='bbox 1078 955 1160 1047; x_wconf 88' lang='lat' dir='ltr'>quis</span> <span class='ocrx_word' id='word_1_29' title='bbox 1182 954 1243 1025; x_wconf 87' lang='lat' dir='ltr'>illa</span> <span class='ocrx_word' id='word_1_30' title='bbox 1262 963 1298 1024; x_wconf 88' lang='lat' dir='ltr'>ut</span> 
     </span>
     <span class='ocr_line' id='line_1_5' title="bbox 202 1070 1300 1165; baseline -0.002 -22"><span class='ocrx_word' id='word_1_31' title='bbox 202 1071 433 1164; x_wconf 88' lang='lat' dir='ltr'>impossibilia</span> <span class='ocrx_word' id='word_1_32' title='bbox 461 1072 744 1165; x_wconf 76' lang='lat' dir='ltr'>contempsisset.</span> <span class='ocrx_word' id='word_1_33' title='bbox 795 1071 922 1144; x_wconf 84' lang='lat' dir='ltr'>Solent</span> <span class='ocrx_word' id='word_1_34' title='bbox 948 1071 1045 1142; x_wconf 87' lang='lat' dir='ltr'>enim</span> <span class='ocrx_word' id='word_1_35' title='bbox 1070 1070 1234 1142; x_wconf 87' lang='lat' dir='ltr'>homines</span> <span class='ocrx_word' id='word_1_36' title='bbox 1260 1071 1300 1140; x_wconf 89' lang='lat' dir='ltr'>de</span> 
     </span>
     <span class='ocr_line' id='line_1_6' title="bbox 203 1189 1301 1283; baseline -0.002 -21"><span class='ocrx_word' id='word_1_37' title='bbox 203 1189 309 1262; x_wconf 91' lang='lat' dir='ltr'>rebus</span> <span class='ocrx_word' id='word_1_38' title='bbox 326 1191 425 1261; x_wconf 91' lang='lat' dir='ltr'>novis</span> <span class='ocrx_word' id='word_1_39' title='bbox 446 1189 491 1259; x_wconf 92' lang='lat' dir='ltr'>ad</span> <span class='ocrx_word' id='word_1_40' title='bbox 509 1189 716 1283; x_wconf 86' lang='lat' dir='ltr'>exemplum</span> <span class='ocrx_word' id='word_1_41' title='bbox 734 1197 913 1274; x_wconf 86' lang='lat' dir='ltr'>veterum,</span> <span class='ocrx_word' id='word_1_42' title='bbox 931 1199 970 1262; x_wconf 87' lang='lat' dir='ltr'>et</span> <span class='ocrx_word' id='word_1_43' title='bbox 985 1190 1185 1261; x_wconf 90' lang='lat' dir='ltr'>secundum</span> <span class='ocrx_word' id='word_1_44' title='bbox 1200 1189 1301 1283; x_wconf 89' lang='lat' dir='ltr'>phan-</span> 
     </span>
     <span class='ocr_line' id='line_1_7' title="bbox 203 1304 1301 1398; baseline -0.003 -20"><span class='ocrx_word' id='word_1_45' title='bbox 203 1307 331 1378; x_wconf 87' lang='lat' dir='ltr'>tasiam</span> <span class='ocrx_word' id='word_1_46' title='bbox 348 1305 454 1377; x_wconf 89' lang='lat' dir='ltr'>exiis</span> <span class='ocrx_word' id='word_1_47' title='bbox 472 1313 681 1398; x_wconf 86' lang='lat' dir='ltr'>praeceptam</span> <span class='ocrx_word' id='word_1_48' title='bbox 698 1314 736 1376; x_wconf 90' lang='lat' dir='ltr'>et</span> <span class='ocrx_word' id='word_1_49' title='bbox 751 1305 986 1398; x_wconf 89' lang='lat' dir='ltr'>inquinatam,</span> <span class='ocrx_word' id='word_1_50' title='bbox 1000 1304 1188 1389; x_wconf 62' lang='lat' dir='ltr'>hariolum</span> <span class='ocrx_word' id='word_1_51' title='bbox 1213 1304 1301 1398; x_wconf 91' lang='lat' dir='ltr'>qnod</span> 
     </span>
     <span class='ocr_line' id='line_1_8' title="bbox 203 1421 1304 1519; baseline -0.001 -25"><span class='ocrx_word' id='word_1_52' title='bbox 203 1446 316 1519; x_wconf 87' lang='lat' dir='ltr'>genus</span> <span class='ocrx_word' id='word_1_53' title='bbox 332 1422 500 1516; x_wconf 88' lang='lat' dir='ltr'>opinandi</span> <span class='ocrx_word' id='word_1_54' title='bbox 517 1421 781 1493; x_wconf 85' lang='lat' dir='ltr'>fallacissimum</span> <span class='ocrx_word' id='word_1_55' title='bbox 799 1431 865 1506; x_wconf 90' lang='lat' dir='ltr'>eet,</span> <span class='ocrx_word' id='word_1_56' title='bbox 883 1423 1179 1515; x_wconf 89' lang='lat' dir='ltr'>quandoquidem</span> <span class='ocrx_word' id='word_1_57' title='bbox 1196 1423 1304 1494; x_wconf 88' lang='lat' dir='ltr'>multa</span> 
     </span>
     <span class='ocr_line' id='line_1_9' title="bbox 205 1537 1305 1632; baseline -0.003 -20"><span class='ocrx_word' id='word_1_58' title='bbox 205 1564 252 1612; x_wconf 88' lang='lat' dir='ltr'>ex</span> <span class='ocrx_word' id='word_1_59' title='bbox 278 1541 342 1624; x_wconf 88' lang='lat' dir='ltr'>his,</span> <span class='ocrx_word' id='word_1_60' title='bbox 368 1562 446 1632; x_wconf 84' lang='lat' dir='ltr'>quae</span> <span class='ocrx_word' id='word_1_61' title='bbox 472 1562 519 1610; x_wconf 88' lang='lat' dir='ltr'>ex</span> <span class='ocrx_word' id='word_1_62' title='bbox 543 1538 701 1610; x_wconf 87' lang='lat' dir='ltr'>fontibus</span> <span class='ocrx_word' id='word_1_63' title='bbox 728 1561 847 1611; x_wconf 89' lang='lat' dir='ltr'>rerum</span> <span class='ocrx_word' id='word_1_64' title='bbox 873 1547 1061 1632; x_wconf 90' lang='lat' dir='ltr'>petuntur,</span> <span class='ocrx_word' id='word_1_65' title='bbox 1088 1560 1154 1632; x_wconf 88' lang='lat' dir='ltr'>per</span> <span class='ocrx_word' id='word_1_66' title='bbox 1180 1537 1305 1609; x_wconf 86' lang='lat' dir='ltr'>rivulos</span> 
     </span>
     <span class='ocr_line' id='line_1_10' title="bbox 205 1653 624 1728; baseline -0.01 0"><span class='ocrx_word' id='word_1_67' title='bbox 205 1664 393 1728; x_wconf 89' lang='lat' dir='ltr'>consuetos</span> <span class='ocrx_word' id='word_1_68' title='bbox 410 1676 483 1726; x_wconf 93' lang='lat' dir='ltr'>non</span> <span class='ocrx_word' id='word_1_69' title='bbox 500 1653 624 1725; x_wconf 88' lang='lat' dir='ltr'>fluant.</span> 
     </span>
    </p>

    <p class='ocr_par' dir='ltr' id='par_1_3' title="bbox 206 1768 1314 3466">
     <span class='ocr_line' id='line_1_11' title="bbox 255 1768 1307 1867; baseline -0.004 -24"><span class='ocrx_word' id='word_1_70' title='bbox 255 1771 381 1843; x_wconf 89' lang='lat' dir='ltr'>Veluti</span> <span class='ocrx_word' id='word_1_71' title='bbox 403 1772 432 1841; x_wconf 86' lang='lat' dir='ltr'>si</span> <span class='ocrx_word' id='word_1_72' title='bbox 455 1771 545 1863; x_wconf 84' lang='lat' dir='ltr'>quis,</span> <span class='ocrx_word' id='word_1_73' title='bbox 562 1779 647 1842; x_wconf 86' lang='lat' dir='ltr'>ante</span> <span class='ocrx_word' id='word_1_74' title='bbox 663 1779 924 1844; x_wconf 85' lang='lat' dir='ltr'>tormentorum</span> <span class='ocrx_word' id='word_1_75' title='bbox 947 1768 1174 1867; x_wconf 64' lang='lat' dir='ltr'>igneorum33</span> <span class='ocrx_word' id='word_1_76' title='bbox 1190 1771 1307 1841; x_wconf 87' lang='lat' dir='ltr'>inven-</span> 
     </span>
     <span class='ocr_line' id='line_1_12' title="bbox 206 1885 1307 1981; baseline -0.003 -23"><span class='ocrx_word' id='word_1_77' title='bbox 206 1889 354 1970; x_wconf 86' lang='lat' dir='ltr'>tionem,</span> <span class='ocrx_word' id='word_1_78' title='bbox 380 1908 456 1956; x_wconf 89' lang='lat' dir='ltr'>rem</span> <span class='ocrx_word' id='word_1_79' title='bbox 483 1908 547 1979; x_wconf 89' lang='lat' dir='ltr'>per</span> <span class='ocrx_word' id='word_1_80' title='bbox 572 1885 720 1960; x_wconf 86' lang='lat' dir='ltr'>effectus</span> <span class='ocrx_word' id='word_1_81' title='bbox 747 1888 995 1981; x_wconf 78' lang='lat' dir='ltr'>descripsisset,</span> <span class='ocrx_word' id='word_1_82' title='bbox 1018 1897 1127 1981; x_wconf 90' lang='lat' dir='ltr'>atque</span> <span class='ocrx_word' id='word_1_83' title='bbox 1155 1887 1194 1957; x_wconf 94' lang='lat' dir='ltr'>in</span> <span class='ocrx_word' id='word_1_84' title='bbox 1218 1886 1307 1956; x_wconf 88' lang='lat' dir='ltr'>hunc</span> 
     </span>
     <span class='ocr_line' id='line_1_13' title="bbox 207 2001 1308 2095; baseline -0.001 -21"><span class='ocrx_word' id='word_1_85' title='bbox 207 2003 354 2074; x_wconf 83' lang='lat' dir='ltr'>modurn</span> <span class='ocrx_word' id='word_1_86' title='bbox 384 2001 556 2084; x_wconf 80' lang='lat' dir='ltr'>dixisset3</span> <span class='ocrx_word' id='word_1_87' title='bbox 582 2002 768 2073; x_wconf 87' lang='lat' dir='ltr'>inventum</span> <span class='ocrx_word' id='word_1_88' title='bbox 798 2003 978 2095; x_wconf 84' lang='lat' dir='ltr'>quoddam</span> <span class='ocrx_word' id='word_1_89' title='bbox 1008 2002 1196 2076; x_wconf 78' lang='lat' dir='ltr'>detectum</span> <span class='ocrx_word' id='word_1_90' title='bbox 1225 2024 1308 2084; x_wconf 86' lang='lat' dir='ltr'>esee,</span> 
     </span>
     <span class='ocr_line' id='line_1_14' title="bbox 206 2117 1308 2214; baseline -0.001 -25"><span class='ocrx_word' id='word_1_91' title='bbox 206 2142 272 2214; x_wconf 89' lang='lat' dir='ltr'>per</span> <span class='ocrx_word' id='word_1_92' title='bbox 299 2118 396 2213; x_wconf 88' lang='lat' dir='ltr'>qaod</span> <span class='ocrx_word' id='word_1_93' title='bbox 429 2117 531 2200; x_wconf 90' lang='lat' dir='ltr'>muri,</span> <span class='ocrx_word' id='word_1_94' title='bbox 560 2127 600 2189; x_wconf 87' lang='lat' dir='ltr'>et</span> <span class='ocrx_word' id='word_1_95' title='bbox 627 2119 845 2190; x_wconf 87' lang='lat' dir='ltr'>munitiones</span> <span class='ocrx_word' id='word_1_96' title='bbox 876 2141 1027 2212; x_wconf 78' lang='lat' dir='ltr'>quaeque</span> <span class='ocrx_word' id='word_1_97' title='bbox 1056 2118 1238 2201; x_wconf 77' lang='lat' dir='ltr'>maxime,</span> <span class='ocrx_word' id='word_1_98' title='bbox 1267 2140 1308 2189; x_wconf 83' lang='lat' dir='ltr'>ex</span> 
     </span>
     <span class='ocr_line' id='line_1_15' title="bbox 207 2232 1310 2331; baseline -0.005 -23"><span class='ocrx_word' id='word_1_99' title='bbox 207 2237 315 2331; x_wconf 92' lang='lat' dir='ltr'>longo</span> <span class='ocrx_word' id='word_1_100' title='bbox 332 2232 521 2306; x_wconf 87' lang='lat' dir='ltr'>intervallo</span> <span class='ocrx_word' id='word_1_101' title='bbox 534 2235 676 2305; x_wconf 89' lang='lat' dir='ltr'>concuti</span> <span class='ocrx_word' id='word_1_102' title='bbox 689 2242 727 2306; x_wconf 88' lang='lat' dir='ltr'>et</span> <span class='ocrx_word' id='word_1_103' title='bbox 743 2234 848 2328; x_wconf 79' lang='lat' dir='ltr'>dejici</span> <span class='ocrx_word' id='word_1_104' title='bbox 865 2235 1024 2328; x_wconf 71' lang='lat' dir='ltr'>poaeint3</span> <span class='ocrx_word' id='word_1_105' title='bbox 1048 2233 1214 2305; x_wconf 88' lang='lat' dir='ltr'>homines</span> <span class='ocrx_word' id='word_1_106' title='bbox 1230 2255 1310 2305; x_wconf 85' lang='lat' dir='ltr'>sane</span> 
     </span>
     <span class='ocr_line' id='line_1_16' title="bbox 209 2351 1311 2446; baseline -0.002 -23"><span class='ocrx_word' id='word_1_107' title='bbox 209 2352 254 2424; x_wconf 92' lang='lat' dir='ltr'>de</span> <span class='ocrx_word' id='word_1_108' title='bbox 278 2352 409 2423; x_wconf 87' lang='lat' dir='ltr'>viribus</span> <span class='ocrx_word' id='word_1_109' title='bbox 435 2359 694 2422; x_wconf 87' lang='lat' dir='ltr'>tormentorum</span> <span class='ocrx_word' id='word_1_110' title='bbox 721 2359 760 2422; x_wconf 92' lang='lat' dir='ltr'>et</span> <span class='ocrx_word' id='word_1_111' title='bbox 786 2352 1040 2435; x_wconf 85' lang='lat' dir='ltr'>machinarum,</span> <span class='ocrx_word' id='word_1_112' title='bbox 1058 2374 1124 2446; x_wconf 87' lang='lat' dir='ltr'>per</span> <span class='ocrx_word' id='word_1_113' title='bbox 1147 2351 1311 2444; x_wconf 87' lang='lat' dir='ltr'>pondera,</span> 
     </span>
     <span class='ocr_line' id='line_1_17' title="bbox 211 2465 1310 2560; baseline -0.005 -20"><span class='ocrx_word' id='word_1_114' title='bbox 211 2477 250 2541; x_wconf 88' lang='lat' dir='ltr'>et</span> <span class='ocrx_word' id='word_1_115' title='bbox 267 2477 370 2550; x_wconf 83' lang='lat' dir='ltr'>rotae,</span> <span class='ocrx_word' id='word_1_116' title='bbox 388 2475 427 2538; x_wconf 91' lang='lat' dir='ltr'>et</span> <span class='ocrx_word' id='word_1_117' title='bbox 451 2466 653 2560; x_wconf 89' lang='lat' dir='ltr'>hujusmodi</span> <span class='ocrx_word' id='word_1_118' title='bbox 678 2467 905 2538; x_wconf 81' lang='lat' dir='ltr'>arietationes</span> <span class='ocrx_word' id='word_1_119' title='bbox 931 2475 969 2538; x_wconf 92' lang='lat' dir='ltr'>et</span> <span class='ocrx_word' id='word_1_120' title='bbox 994 2465 1169 2559; x_wconf 90' lang='lat' dir='ltr'>impulsus</span> <span class='ocrx_word' id='word_1_121' title='bbox 1194 2466 1310 2538; x_wconf 90' lang='lat' dir='ltr'>multi·</span> 
     </span>
     <span class='ocr_line' id='line_1_18' title="bbox 209 2582 1308 2679; baseline -0.005 -23"><span class='ocrx_word' id='word_1_122' title='bbox 209 2585 389 2679; x_wconf 90' lang='lat' dir='ltr'>plicandis,</span> <span class='ocrx_word' id='word_1_123' title='bbox 408 2583 521 2654; x_wconf 90' lang='lat' dir='ltr'>multa</span> <span class='ocrx_word' id='word_1_124' title='bbox 537 2593 577 2654; x_wconf 91' lang='lat' dir='ltr'>et</span> <span class='ocrx_word' id='word_1_125' title='bbox 594 2582 687 2653; x_wconf 87' lang='lat' dir='ltr'>varia</span> <span class='ocrx_word' id='word_1_126' title='bbox 708 2605 829 2653; x_wconf 90' lang='lat' dir='ltr'>secum</span> <span class='ocrx_word' id='word_1_127' title='bbox 851 2582 1041 2677; x_wconf 77' lang='lat' dir='ltr'>cogitaturi</span> <span class='ocrx_word' id='word_1_128' title='bbox 1067 2584 1241 2666; x_wconf 87' lang='lat' dir='ltr'>fuissent;</span> <span class='ocrx_word' id='word_1_129' title='bbox 1267 2583 1308 2652; x_wconf 89' lang='lat' dir='ltr'>de</span> 
     </span>
     <span class='ocr_line' id='line_1_19' title="bbox 212 2698 1312 2799; baseline 0 -29"><span class='ocrx_word' id='word_1_130' title='bbox 212 2708 321 2773; x_wconf 89' lang='lat' dir='ltr'>vento</span> <span class='ocrx_word' id='word_1_131' title='bbox 344 2709 466 2771; x_wconf 87' lang='lat' dir='ltr'>autem</span> <span class='ocrx_word' id='word_1_132' title='bbox 491 2699 605 2793; x_wconf 89' lang='lat' dir='ltr'>igneo,</span> <span class='ocrx_word' id='word_1_133' title='bbox 624 2706 698 2768; x_wconf 89' lang='lat' dir='ltr'>tam</span> <span class='ocrx_word' id='word_1_134' title='bbox 723 2698 841 2769; x_wconf 89' lang='lat' dir='ltr'>subito</span> <span class='ocrx_word' id='word_1_135' title='bbox 865 2706 904 2799; x_wconf 81' lang='lat' dir='ltr'>et</span> <span class='ocrx_word' id='word_1_136' title='bbox 919 2698 1094 2770; x_wconf 88' lang='lat' dir='ltr'>violenter</span> <span class='ocrx_word' id='word_1_137' title='bbox 1119 2721 1158 2770; x_wconf 87' lang='lat' dir='ltr'>se</span> <span class='ocrx_word' id='word_1_138' title='bbox 1184 2721 1312 2791; x_wconf 83' lang='lat' dir='ltr'>expan-</span> 
     </span>
     <span class='ocr_line' id='line_1_20' title="bbox 211 2813 1311 2907; baseline -0.005 -18"><span class='ocrx_word' id='word_1_139' title='bbox 211 2817 321 2889; x_wconf 89' lang='lat' dir='ltr'>dente</span> <span class='ocrx_word' id='word_1_140' title='bbox 339 2826 377 2886; x_wconf 91' lang='lat' dir='ltr'>et</span> <span class='ocrx_word' id='word_1_141' title='bbox 392 2814 613 2894; x_wconf 84' lang='lat' dir='ltr'>exsufflante,</span> <span class='ocrx_word' id='word_1_142' title='bbox 624 2814 685 2884; x_wconf 89' lang='lat' dir='ltr'>vix</span> <span class='ocrx_word' id='word_1_143' title='bbox 702 2836 856 2907; x_wconf 89' lang='lat' dir='ltr'>unquam</span> <span class='ocrx_word' id='word_1_144' title='bbox 875 2813 1009 2906; x_wconf 89' lang='lat' dir='ltr'>aliquid</span> <span class='ocrx_word' id='word_1_145' title='bbox 1025 2813 1176 2907; x_wconf 90' lang='lat' dir='ltr'>alicujus</span> <span class='ocrx_word' id='word_1_146' title='bbox 1193 2814 1311 2907; x_wconf 91' lang='lat' dir='ltr'>imagi·</span> 
     </span>
     <span class='ocr_line' id='line_1_21' title="bbox 211 2912 1312 3023; baseline -0.003 -22"><span class='ocrx_word' id='word_1_147' title='bbox 211 2931 359 3012; x_wconf 90' lang='lat' dir='ltr'>nationi,</span> <span class='ocrx_word' id='word_1_148' title='bbox 370 2939 433 3001; x_wconf 87' lang='lat' dir='ltr'>aut</span> <span class='ocrx_word' id='word_1_149' title='bbox 450 2912 650 3023; x_wconf 71' lang='lat' dir='ltr'>phantasiae,</span> <span class='ocrx_word' id='word_1_150' title='bbox 662 2952 888 3000; x_wconf 83' lang='lat' dir='ltr'>occursnmm</span> <span class='ocrx_word' id='word_1_151' title='bbox 902 2929 1047 3012; x_wconf 81' lang='lat' dir='ltr'>fnisset3</span> <span class='ocrx_word' id='word_1_152' title='bbox 1074 2938 1203 3022; x_wconf 84' lang='lat' dir='ltr'>utpote</span> <span class='ocrx_word' id='word_1_153' title='bbox 1217 2932 1312 3021; x_wconf 80' lang='lat' dir='ltr'>eujus</span> 
     </span>
     <span class='ocr_line' id='line_1_22' title="bbox 213 3045 1314 3140; baseline -0.004 -22"><span class='ocrx_word' id='word_1_154' title='bbox 213 3046 421 3140; x_wconf 88' lang='lat' dir='ltr'>exemplum</span> <span class='ocrx_word' id='word_1_155' title='bbox 444 3046 481 3115; x_wconf 93' lang='lat' dir='ltr'>in</span> <span class='ocrx_word' id='word_1_156' title='bbox 503 3045 665 3137; x_wconf 84' lang='lat' dir='ltr'>proximo</span> <span class='ocrx_word' id='word_1_157' title='bbox 688 3067 760 3116; x_wconf 93' lang='lat' dir='ltr'>non</span> <span class='ocrx_word' id='word_1_158' title='bbox 778 3046 933 3128; x_wconf 81' lang='lat' dir='ltr'>vidisset,</span> <span class='ocrx_word' id='word_1_159' title='bbox 951 3047 1017 3116; x_wconf 90' lang='lat' dir='ltr'>nisi</span> <span class='ocrx_word' id='word_1_160' title='bbox 1036 3045 1128 3117; x_wconf 90' lang='lat' dir='ltr'>forte</span> <span class='ocrx_word' id='word_1_161' title='bbox 1154 3047 1194 3116; x_wconf 95' lang='lat' dir='ltr'>in</span> <span class='ocrx_word' id='word_1_162' title='bbox 1216 3053 1314 3116; x_wconf 83' lang='lat' dir='ltr'>terra</span> 
     </span>
     <span class='ocr_line' id='line_1_23' title="bbox 214 3160 1313 3256; baseline -0.005 -22"><span class='ocrx_word' id='word_1_163' title='bbox 214 3171 415 3245; x_wconf 73' lang='lat' dir='ltr'>motmunt</span> <span class='ocrx_word' id='word_1_164' title='bbox 442 3160 602 3244; x_wconf 86' lang='lat' dir='ltr'>fulmine,</span> <span class='ocrx_word' id='word_1_165' title='bbox 629 3183 708 3254; x_wconf 84' lang='lat' dir='ltr'>quae</span> <span class='ocrx_word' id='word_1_166' title='bbox 734 3169 777 3232; x_wconf 91' lang='lat' dir='ltr'>nt</span> <span class='ocrx_word' id='word_1_167' title='bbox 805 3161 984 3256; x_wconf 81' lang='lat' dir='ltr'>magnalia</span> <span class='ocrx_word' id='word_1_168' title='bbox 1013 3168 1158 3245; x_wconf 87' lang='lat' dir='ltr'>naturae,</span> <span class='ocrx_word' id='word_1_169' title='bbox 1183 3171 1222 3234; x_wconf 91' lang='lat' dir='ltr'>et</span> <span class='ocrx_word' id='word_1_170' title='bbox 1247 3182 1313 3230; x_wconf 95' lang='lat' dir='ltr'>non</span> 
     </span>
     <span class='ocr_line' id='line_1_24' title="bbox 215 3275 1314 3369; baseline -0.004 -20"><span class='ocrx_word' id='word_1_171' title='bbox 215 3279 402 3349; x_wconf 78' lang='lat' dir='ltr'>imitabilia</span> <span class='ocrx_word' id='word_1_172' title='bbox 429 3277 475 3347; x_wconf 92' lang='lat' dir='ltr'>ab</span> <span class='ocrx_word' id='word_1_173' title='bbox 503 3276 660 3359; x_wconf 92' lang='lat' dir='ltr'>homine,</span> <span class='ocrx_word' id='word_1_174' title='bbox 682 3275 844 3347; x_wconf 88' lang='lat' dir='ltr'>homines</span> <span class='ocrx_word' id='word_1_175' title='bbox 877 3276 999 3347; x_wconf 88' lang='lat' dir='ltr'>statim</span> <span class='ocrx_word' id='word_1_176' title='bbox 1033 3277 1202 3369; x_wconf 86' lang='lat' dir='ltr'>rejecturi</span> <span class='ocrx_word' id='word_1_177' title='bbox 1236 3276 1314 3346; x_wconf 85' lang='lat' dir='ltr'>fuis·</span> 
     </span>
     <span class='ocr_line' id='line_1_25' title="bbox 215 3402 307 3466; baseline 0 0"><span class='ocrx_word' id='word_1_178' title='bbox 215 3402 307 3466; x_wconf 89' lang='lat' dir='ltr'>sent.</span> 
     </span>
    </p>

    <p class='ocr_par' dir='ltr' id='par_1_4' title="bbox 217 3503 1319 4415">
     <span class='ocr_line' id='line_1_26' title="bbox 267 3503 1311 3599; baseline -0.004 -18"><span class='ocrx_word' id='word_1_179' title='bbox 267 3511 409 3581; x_wconf 88' lang='lat' dir='ltr'>Eodem</span> <span class='ocrx_word' id='word_1_180' title='bbox 426 3510 544 3592; x_wconf 89' lang='lat' dir='ltr'>modo,</span> <span class='ocrx_word' id='word_1_181' title='bbox 561 3509 590 3578; x_wconf 91' lang='lat' dir='ltr'>si</span> <span class='ocrx_word' id='word_1_182' title='bbox 616 3516 699 3579; x_wconf 90' lang='lat' dir='ltr'>ante</span> <span class='ocrx_word' id='word_1_183' title='bbox 724 3508 776 3578; x_wconf 87' lang='lat' dir='ltr'>fili</span> <span class='ocrx_word' id='word_1_184' title='bbox 801 3503 1037 3599; x_wconf 80' lang='lat' dir='ltr'>bombycini³⁴</span> <span class='ocrx_word' id='word_1_185' title='bbox 1061 3507 1311 3588; x_wconf 84' lang='lat' dir='ltr'>inventionem,</span> 
     </span>
     <span class='ocr_line' id='line_1_27' title="bbox 217 3624 1316 3720; baseline -0.003 -22"><span class='ocrx_word' id='word_1_186' title='bbox 217 3628 391 3720; x_wconf 90' lang='lat' dir='ltr'>quispiam</span> <span class='ocrx_word' id='word_1_187' title='bbox 417 3625 621 3718; x_wconf 89' lang='lat' dir='ltr'>hujusmodi</span> <span class='ocrx_word' id='word_1_188' title='bbox 651 3646 850 3695; x_wconf 87' lang='lat' dir='ltr'>sermonem</span> <span class='ocrx_word' id='word_1_189' title='bbox 881 3624 1079 3715; x_wconf 83' lang='lat' dir='ltr'>injecisset3</span> <span class='ocrx_word' id='word_1_190' title='bbox 1105 3645 1184 3694; x_wconf 88' lang='lat' dir='ltr'>esse</span> <span class='ocrx_word' id='word_1_191' title='bbox 1211 3624 1316 3717; x_wconf 92' lang='lat' dir='ltr'>quod·</span> 
     </span>
     <span class='ocr_line' id='line_1_28' title="bbox 219 3738 1317 3835; baseline -0.005 -21"><span class='ocrx_word' id='word_1_192' title='bbox 219 3743 300 3814; x_wconf 89' lang='lat' dir='ltr'>dam</span> <span class='ocrx_word' id='word_1_193' title='bbox 330 3742 380 3812; x_wconf 89' lang='lat' dir='ltr'>lili</span> <span class='ocrx_word' id='word_1_194' title='bbox 411 3764 525 3835; x_wconf 88' lang='lat' dir='ltr'>genus</span> <span class='ocrx_word' id='word_1_195' title='bbox 554 3741 751 3822; x_wconf 86' lang='lat' dir='ltr'>inventum,</span> <span class='ocrx_word' id='word_1_196' title='bbox 768 3739 812 3808; x_wconf 91' lang='lat' dir='ltr'>ad</span> <span class='ocrx_word' id='word_1_197' title='bbox 840 3738 995 3809; x_wconf 87' lang='lat' dir='ltr'>vestium</span> <span class='ocrx_word' id='word_1_198' title='bbox 1027 3747 1065 3809; x_wconf 87' lang='lat' dir='ltr'>et</span> <span class='ocrx_word' id='word_1_199' title='bbox 1089 3739 1317 3832; x_wconf 86' lang='lat' dir='ltr'>supellectilis</span> 
     </span>
     <span class='ocr_line' id='line_1_29' title="bbox 218 3851 1318 3948; baseline -0.004 -20"><span class='ocrx_word' id='word_1_200' title='bbox 218 3880 335 3941; x_wconf 89' lang='lat' dir='ltr'>usum,</span> <span class='ocrx_word' id='word_1_201' title='bbox 364 3856 459 3948; x_wconf 90' lang='lat' dir='ltr'>quod</span> <span class='ocrx_word' id='word_1_202' title='bbox 488 3855 589 3925; x_wconf 86' lang='lat' dir='ltr'>filum</span> <span class='ocrx_word' id='word_1_203' title='bbox 620 3852 772 3925; x_wconf 90' lang='lat' dir='ltr'>linteum</span> <span class='ocrx_word' id='word_1_204' title='bbox 801 3861 865 3924; x_wconf 88' lang='lat' dir='ltr'>ant</span> <span class='ocrx_word' id='word_1_205' title='bbox 894 3851 1039 3924; x_wconf 85' lang='lat' dir='ltr'>laneum</span> <span class='ocrx_word' id='word_1_206' title='bbox 1068 3856 1259 3939; x_wconf 74' lang='lat' dir='ltr'>tenuitate,</span> <span class='ocrx_word' id='word_1_207' title='bbox 1284 3862 1318 3926; x_wconf 90' lang='lat' dir='ltr'>et</span> 
     </span>
     <span class='ocr_line' id='line_1_30' title="bbox 219 3968 1318 4063; baseline -0.004 -19"><span class='ocrx_word' id='word_1_208' title='bbox 219 3971 450 4044; x_wconf 89' lang='lat' dir='ltr'>nihilominus</span> <span class='ocrx_word' id='word_1_209' title='bbox 467 3972 672 4052; x_wconf 82' lang='lat' dir='ltr'>tenacitate,</span> <span class='ocrx_word' id='word_1_210' title='bbox 690 3993 731 4041; x_wconf 89' lang='lat' dir='ltr'>ao</span> <span class='ocrx_word' id='word_1_211' title='bbox 752 3970 861 4040; x_wconf 88' lang='lat' dir='ltr'>etiam</span> <span class='ocrx_word' id='word_1_212' title='bbox 884 3968 1072 4063; x_wconf 88' lang='lat' dir='ltr'>splendore</span> <span class='ocrx_word' id='word_1_213' title='bbox 1095 3981 1133 4040; x_wconf 92' lang='lat' dir='ltr'>et</span> <span class='ocrx_word' id='word_1_214' title='bbox 1159 3973 1318 4056; x_wconf 90' lang='lat' dir='ltr'>mollitie,</span> 
     </span>
     <span class='ocr_line' id='line_1_31' title="bbox 219 4066 1318 4183; baseline -0.002 -24"><span class='ocrx_word' id='word_1_215' title='bbox 219 4087 327 4183; x_wconf 92' lang='lat' dir='ltr'>longe</span> <span class='ocrx_word' id='word_1_216' title='bbox 344 4094 547 4179; x_wconf 89' lang='lat' dir='ltr'>superaret;</span> <span class='ocrx_word' id='word_1_217' title='bbox 565 4066 735 4158; x_wconf 61' lang='lat' dir='ltr'>&#39;homines</span> <span class='ocrx_word' id='word_1_218' title='bbox 759 4086 880 4157; x_wconf 87' lang='lat' dir='ltr'>atatim</span> <span class='ocrx_word' id='word_1_219' title='bbox 905 4095 970 4157; x_wconf 92' lang='lat' dir='ltr'>aut</span> <span class='ocrx_word' id='word_1_220' title='bbox 996 4088 1041 4159; x_wconf 90' lang='lat' dir='ltr'>de</span> <span class='ocrx_word' id='word_1_221' title='bbox 1067 4089 1178 4160; x_wconf 84' lang='lat' dir='ltr'>serico</span> <span class='ocrx_word' id='word_1_222' title='bbox 1204 4088 1318 4181; x_wconf 91' lang='lat' dir='ltr'>aliquo</span> 
     </span>
     <span class='ocr_line' id='line_1_32' title="bbox 221 4199 1319 4298; baseline 0.002 -26"><span class='ocrx_word' id='word_1_223' title='bbox 221 4201 424 4298; x_wconf 78' lang='lat' dir='ltr'>vegetabili,</span> <span class='ocrx_word' id='word_1_224' title='bbox 442 4210 505 4271; x_wconf 91' lang='lat' dir='ltr'>aut</span> <span class='ocrx_word' id='word_1_225' title='bbox 522 4204 567 4273; x_wconf 90' lang='lat' dir='ltr'>de</span> <span class='ocrx_word' id='word_1_226' title='bbox 588 4199 751 4273; x_wconf 88' lang='lat' dir='ltr'>animalis</span> <span class='ocrx_word' id='word_1_227' title='bbox 773 4200 922 4294; x_wconf 86' lang='lat' dir='ltr'>alicujus</span> <span class='ocrx_word' id='word_1_228' title='bbox 945 4201 1027 4295; x_wconf 84' lang='lat' dir='ltr'>pilia</span> <span class='ocrx_word' id='word_1_229' title='bbox 1051 4203 1319 4285; x_wconf 75' lang='lat' dir='ltr'>delicatioribus,</span> 
     </span>
     <span class='ocr_line' id='line_1_33' title="bbox 221 4316 1319 4415; baseline 0.003 -25"><span class='ocrx_word' id='word_1_230' title='bbox 221 4329 285 4391; x_wconf 88' lang='lat' dir='ltr'>aut</span> <span class='ocrx_word' id='word_1_231' title='bbox 319 4319 363 4390; x_wconf 92' lang='lat' dir='ltr'>de</span> <span class='ocrx_word' id='word_1_232' title='bbox 393 4317 513 4389; x_wconf 90' lang='lat' dir='ltr'>avium</span> <span class='ocrx_word' id='word_1_233' title='bbox 541 4317 673 4413; x_wconf 89' lang='lat' dir='ltr'>plumis</span> <span class='ocrx_word' id='word_1_234' title='bbox 702 4324 741 4390; x_wconf 89' lang='lat' dir='ltr'>et</span> <span class='ocrx_word' id='word_1_235' title='bbox 774 4316 954 4413; x_wconf 78' lang='lat' dir='ltr'>lanugine,</span> <span class='ocrx_word' id='word_1_236' title='bbox 983 4318 1118 4413; x_wconf 91' lang='lat' dir='ltr'>aliquid</span> <span class='ocrx_word' id='word_1_237' title='bbox 1148 4319 1319 4415; x_wconf 80' lang='lat' dir='ltr'>opinaturi</span> 
     </span>
    </p>
   </div>
   <div class='ocr_carea' id='block_1_3' title="bbox 469 4565 1077 4624">
    <p class='ocr_par' dir='ltr' id='par_1_5' title="bbox 469 4565 1077 4624">
     <span class='ocr_line' id='line_1_34' title="bbox 469 4565 1077 4624; baseline 0.002 -1"><span class='ocrx_word' id='word_1_238' title='bbox 469 4566 495 4607; x_wconf 60' lang='grc' dir='ltr'>ὅ</span> <span class='ocrx_word' id='word_1_239' title='bbox 510 4565 634 4623; x_wconf 78' lang='lat' dir='ltr'>Gannon.</span> <span class='ocrx_word' id='word_1_240' title='bbox 967 4567 993 4608; x_wconf 81' lang='lat'>⁸⁴</span> <span class='ocrx_word' id='word_1_241' title='bbox 1009 4566 1077 4624; x_wconf 72' lang='lat' dir='ltr'>Silla</span> 
     </span>
    </p>
   </div>
   <div class='ocr_carea' id='block_1_4' title="bbox 0 0 1387 5226">
    <p class='ocr_par' dir='ltr' id='par_1_6' title="bbox 0 0 1387 5226">
     <span class='ocr_line' id='line_1_35' title="bbox 0 0 1387 5226; baseline 0 0"><span class='ocrx_word' id='word_1_242' title='bbox 0 0 1387 5226; x_wconf 95' lang='lat' dir='ltr'> </span> 
     </span>
    </p>
   </div>
  </div>
 </body>
</html>
