2708 5226
125 507 192 571 280
452 503 625 571 Novum
655 501 904 571 ORGANUM.

125 670 219 743 oculi
245 672 417 755 tunicam,
434 694 515 765 quae
541 670 746 767 pelliculam
770 668 870 742 illem
897 676 1095 742 cutamctae
1120 690 1220 739 remc-

125 796 226 859 veret
247 797 285 858 et
306 788 469 860 truderet
489 789 528 859 in
554 787 726 883 angulum
742 785 851 881 oculi)
868 784 1068 858 clarissime
1086 784 1219 855 vidimet

125 903 301 975 festucam
317 903 415 976 illam
431 927 537 997 supra
553 906 667 999 ipsam
683 902 856 998 pupillam
872 910 1096 974 moventem.
1127 901 1221 986 Quod

125 1028 307 1114 utcunque
337 1043 461 1092 vemm
489 1042 567 1093 esse
597 1021 716 1114 possit,
743 1017 977 1091 manifestum
1004 1027 1073 1103 est,
1100 1019 1223 1112 majora

125 1160 272 1232 corpora
296 1160 369 1210 non
394 1136 486 1211 bene
511 1148 576 1210 aut
599 1138 769 1209 distincte
792 1136 902 1220 cerni,
924 1137 996 1206 nisi
1022 1138 1063 1206 in
1088 1135 1223 1229 cuspide

126 1254 217 1337 coni,
229 1255 440 1326 coeuntibus
456 1255 562 1327 radiis
578 1254 710 1346 objecti
722 1253 769 1324 ad
786 1251 999 1324 nonnullam
1013 1251 1222 1324 distantiam.

126 1368 222 1453 Quin
239 1371 348 1442 etiem
368 1372 406 1441 in
423 1371 565 1442 senibus
582 1370 705 1442 oculus
721 1366 851 1442 melius
867 1370 987 1440 cernit
1005 1377 1147 1442 remoto
1168 1368 1223 1440 ob

120 1485 220 1576 jecto
237 1485 343 1580 paulo
360 1486 510 1580 longius,
527 1509 633 1578 quam
650 1486 806 1579 propius.
833 1483 878 1555 In
895 1485 1096 1557 missilibus
1111 1495 1222 1558 autem

125 1611 262 1672 certum
281 1612 345 1686 est,
363 1603 625 1695 percussionem
648 1624 720 1672 nou
737 1601 812 1672 lieri
830 1609 906 1673 tum
931 1602 1067 1673 sortem
1092 1603 1137 1674 ad
1161 1603 1224 1674 dis·

126 1718 276 1787 tentiam
294 1719 400 1788 nimis
416 1740 570 1812 parram,
587 1740 694 1811 quam
712 1717 818 1812 poulo
834 1715 961 1811 post⁵⁹.
1003 1716 1097 1791 Haec
1113 1720 1222 1812 itaque

125 1842 164 1904 et
193 1833 321 1904 similia
345 1833 382 1904 iu
414 1835 587 1906 mensuris
616 1843 781 1906 motuum
806 1834 924 1930 quoad
950 1836 1142 1908 distantias
1169 1859 1223 1907 no-

126 1951 236 2022 tanda
251 1959 346 2023 sunt.

176 2065 244 2138 Est
268 2077 306 2139 ct
330 2068 428 2140 aliud
452 2091 565 2165 genus
589 2091 762 2141 mensurae
787 2069 907 2141 localis
932 2078 1115 2154 motuum,
1138 2069 1223 2164 quod

125 2205 197 2254 non
214 2185 557 2276 praetermittendum
574 2195 639 2258 est.
691 2185 789 2257 Illud
805 2209 889 2258 vero
906 2189 1070 2280 pertinet
1090 2189 1135 2260 ed
1156 2211 1223 2259 me

125 2308 184 2371 tus
211 2323 283 2371 non
314 2302 563 2396 progressivcs,
579 2301 642 2373 sed
673 2303 878 2395 sphaericos3
903 2302 975 2375 hoc
1005 2314 1075 2393 est,
1096 2305 1142 2376 ed
1170 2327 1224 2376 ex·

126 2419 331 2512 pensionem
357 2441 544 2512 corporum
572 2419 612 2489 in
641 2419 810 2510 majorem
844 2419 1030 2513 sphaeram,
1058 2432 1124 2494 aut
1149 2443 1224 2493 con·

126 2537 338 2606 tractionem
354 2535 391 2604 iu
408 2534 581 2604 minorem
591 2531 629 2604 ω.
673 2533 930 2628 Inquirendum
949 2538 1048 2608 enim
1067 2547 1124 2610 est
1140 2538 1224 2607 inter

125 2675 306 2722 mensuras
336 2653 420 2722 istas
445 2661 619 2735 motuum,
646 2661 816 2744 quantem
841 2654 1144 2745 compressionem
1169 2663 1224 2724 aut

126 2770 373 2839 extensionem
408 2791 552 2859 corpore
582 2767 659 2860 (pro
694 2776 820 2838 natura
852 2769 1028 2861 ipsorum)
1058 2770 1163 2841 focile
1193 2777 1225 2838 et

126 2883 280 2954 libenter
297 2886 486 2977 patientur,
504 2893 542 2953 et
568 2884 611 2954 ad
635 2905 743 2975 quem
769 2882 963 2954 terminum
990 2885 1161 2957 reluctari
1177 2888 1224 2956 in·

126 3001 268 3093 cipiunt,
282 3001 371 3072 adeo
389 3010 430 3070 ut
446 3001 489 3070 ad
508 3009 710 3071 extremum
728 3023 796 3071 coa
813 2996 906 3070 altro
923 2999 1066 3086 ferant3
1093 3012 1135 3074 ut
1151 3025 1224 3073 cum

127 3117 242 3187 vesica
259 3117 381 3188 inflata
398 3117 652 3209 comprimitur,
671 3117 823 3188 sustinet
844 3115 906 3186 illa
926 3122 1222 3211 compressionem

127 3232 334 3304 nonnullam
352 3234 461 3315 aeris3
487 3233 548 3304 sed
575 3233 603 3301 si
630 3234 740 3325 major
765 3231 884 3313 fuerit,
902 3253 976 3301 non
1004 3238 1145 3326 patitur
1159 3237 1220 3318 a‘e'r,

127 3350 189 3421 sed
206 3351 383 3444 rumpitur
399 3351 524 3420 vesica.

176 3467 227 3538 At
252 3492 315 3538 uos
339 3466 406 3538 hoc
429 3466 545 3559 ipsum
568 3464 752 3537 subtiliore
774 3466 1023 3558 experimento
1041 3468 1156 3564 magis
1172 3491 1226 3539 ex-

126 3594 205 3655 acto
235 3585 469 3676 probavimus.
524 3581 739 3675 Accepimus
773 3584 870 3653 enim
900 3585 1154 3676 campanulum
1186 3608 1225 3655 ex

126 3699 283 3783 metallo,
302 3700 468 3771 leviorem
494 3698 629 3770 seilicet
654 3708 692 3769 et
715 3699 924 3780 tenuiorem,
943 3700 1043 3791 quali
1066 3703 1114 3774 ad
1138 3704 1227 3774 exci-

125 3816 294 3908 piendum
313 3815 421 3886 salem
440 3816 594 3901 utimur;
621 3837 770 3907 eamque
787 3815 825 3888 in
843 3814 977 3908 pelvim
994 3840 1099 3910 aqum
1116 3821 1225 3890 immi·

127 3934 245 4014 simus,
263 3933 314 4003 ite
330 3942 371 4002 ut
389 3933 593 4027 deportaret
614 3955 733 4003 secum
751 3933 878 4016 aerem,
897 3933 959 4024 qui
978 3937 1225 4009 continebatur

162 4144 188 4183 ¹³⁹
204 4144 270 4199 This
294 4146 317 4199 is
342 4155 388 4200 not
412 4145 549 4200 thecuae.
597 4145 655 4200 The
696 4146 992 4217 conwasignoruntoi
1005 4148 1053 4204 the
1069 4151 1226 4222 praesumot

128 4224 216 4278 Initicl
228 4223 348 4296 Velocity
364 4225 386 4278 is
405 4224 450 4278 the
468 4234 591 4295 greatest,
603 4242 655 4279 uu·
695 4224 741 4279 the
753 4226 940 4296 Atmosphere.
977 4226 1224 4286 Ths“1lblrorren·

126 4305 179 4358 less
203 4303 248 4357 the
271 4301 325 4356 bell
348 4303 383 4358 bc
400 4305 539 4375 travelling
563 4304 655 4359 down·
697 4304 841 4359 tiavecm”
853 4322 907 4358 was
925 4305 1047 4361 believed
1065 4308 1094 4362 iu
1111 4310 1152 4363 till
1166 4308 1225 4363 mer

126 4382 221 4438 warde.
697 4382 744 4438 the
756 4384 819 4438 time
836 4384 868 4439 cl
875 4384 1020 4439 Torricelli.
1059 4386 1104 4443 ct.
1118 4406 1190 4459 supr.
1201 4386 1222 4440 1.

162 4460 187 4500 ⁶⁰
198 4460 273 4524 This,
286 4459 351 4529 (and
369 4461 507 4532 especially
520 4461 565 4516 the
576 4480 655 4532 expe-
697 4462 748 4525 663
776 4461 829 4516 aud
855 4462 1009 4519 Herschel’s
1035 4464 1189 4530 Discourse,
1208 4466 1221 4532 i

126 4541 223 4595 riment
240 4540 271 4593 ol
284 4539 330 4594 tbe
349 4540 421 4611 ιαμ)
435 4539 520 4596 shews
532 4540 589 4595 that
604 4540 655 4601 Ba·
698 4542 846 4610 244-246.
