2708 5226
520 555 609 620 LIB.
632 554 660 620 l.
676 570 729 640 75,
747 556 799 637 76.
1163 550 1208 615 68

103 732 151 793 tut
168 721 274 793 factu
297 719 519 813 impossibile
542 721 792 814 pronuntiant:
820 741 958 790 summa
980 716 1143 811 superbia
1168 726 1207 786 et

103 839 229 911 nvidia
251 860 404 910 suornm
426 838 653 909 inventorum
674 838 920 909 infirmitatem
944 837 981 907 in
1004 841 1139 906 naturae
1155 835 1209 926 ip·

103 958 165 1028 ius
182 954 418 1037 calumniam,
431 963 469 1027 et
485 954 635 1026 aliorum
653 955 813 1026 omnium
832 953 1114 1047 desperationem
1131 974 1209 1022 ver-

103 1081 228 1144 entes
283 1069 384 1141 Hine
409 1069 529 1142 sohola
545 1069 748 1143 Aoademiae
773 1067 921 1152 novaeffl,
939 1093 1020 1163 qnae
1041 1065 1210 1162 moolep

103 1187 185 1260 dom
217 1210 268 1261 ex
298 1187 455 1282 professo
485 1188 614 1271 tenuit,
644 1196 682 1259 et
712 1186 873 1258 homines
903 1187 948 1258 ad
977 1186 1209 1279 sempiternas

103 1307 268 1378 tenebras
286 1304 479 1376 damnavit.
517 1302 614 1376 Hine
631 1304 760 1398 opinio,
778 1302 872 1396 quod
890 1303 1010 1374 formae
1026 1303 1101 1374 sive
1118 1324 1209 1372 verae

103 1444 219 1494 rerum
237 1419 448 1492 differentiae
465 1417 558 1512 (quae
580 1443 703 1492 revera
727 1428 811 1492 sunt
836 1419 933 1515 leges
957 1429 1058 1491 aetus
1082 1416 1209 1512 puri55)

103 1540 252 1611 inventu
285 1535 522 1630 impossibiles
554 1538 637 1622 sint,
667 1546 705 1608 et
738 1536 835 1607 ultra
866 1536 1060 1608 hominem.
1111 1533 1210 1605 Hine

103 1657 289 1750 opiniones
315 1653 385 1726 illae
413 1654 453 1725 in
483 1655 600 1725 activa
629 1663 667 1725 et
697 1655 878 1748 operativa
907 1663 1028 1747 parte:
1054 1651 1209 1725 calorem

103 1772 186 1844 solis
202 1780 244 1845 et
260 1773 353 1866 ignis
375 1779 454 1843 toto
477 1793 608 1865 genere
631 1770 790 1855 differre;
816 1794 862 1843 ne
887 1770 1024 1843 scilieet
1048 1770 1212 1842 homines

103 1898 234 1985 putent
261 1911 301 1960 se
327 1912 392 1983 per
420 1912 528 1982 opera
557 1889 648 1983 ignis
677 1887 811 1981 aliquid
841 1889 957 1960 simile
986 1888 1039 1972 iis,
1067 1911 1145 1982 quae
1172 1888 1210 1957 in

103 2016 232 2079 natura
260 2007 362 2089 fiunt,
388 2007 540 2078 educere
570 2013 608 2076 et
635 2005 787 2077 formare
812 2027 924 2098 posse.
977 2004 1074 2076 Hine
1100 2003 1211 2075 illud:

103 2124 401 2218 compositionem
427 2132 569 2194 tantum
595 2145 684 2217 opus
709 2123 873 2207 hominis,
899 2123 1101 2193 mistionem
1127 2143 1211 2191 vero

105 2265 194 2335 opus
223 2240 334 2313 solius
359 2249 496 2311 naturae
522 2262 618 2324 esse;
643 2262 691 2311 ne
717 2238 853 2311 seilicet
879 2238 1040 2310 homines
1069 2251 1214 2330 sperent

106 2359 263 2452 aliquam
277 2381 324 2429 ex
341 2366 417 2429 arte
431 2380 617 2451 corporum
632 2356 848 2428 naturalium
866 2356 1133 2450 generationem
1149 2363 1213 2426 aut

105 2476 466 2547 transformationem.
518 2471 645 2566 Itaque
672 2497 718 2546 ex
743 2473 811 2544 hoa
837 2473 937 2567 signo
961 2472 1123 2544 homines
1145 2470 1212 2543 sibi

106 2593 312 2687 persuaderi
340 2591 444 2664 faoile
473 2593 666 2685 patientur,
696 2614 742 2662 ne
772 2614 854 2661 oum
884 2588 1111 2685 dogmatibus
1141 2612 1213 2658 non

107 2710 222 2782 solum
249 2710 455 2802 desperatis,
484 2709 683 2780 sedetiam
715 2708 950 2802 desperationi
979 2707 1127 2790 devotis,
1144 2706 1215 2776 for·

108 2837 211 2900 tunae
228 2849 311 2899 suas
328 2835 368 2899 et
384 2825 521 2898 labores
538 2825 720 2897 misoeant.

573 2955 755 3029 LXXVI.

157 3058 295 3152 Neque
334 3057 421 3129 illud
464 3059 604 3152 signum
642 3057 985 3150 pretermittendum
1019 3065 1083 3137 est,
1118 3055 1214 3148 quod

109 3185 210 3249 tanta
227 3175 339 3246 fuerit
355 3174 451 3246 inter
473 3172 699 3267 philosophos
722 3171 806 3244 olim
830 3173 1007 3257 dissensio,
1024 3182 1063 3244 et
1080 3172 1216 3245 sohola-

109 3315 188 3364 rum
226 3292 381 3384 ipsarum
412 3292 584 3363 varietas:
624 3289 719 3382 quod
750 3291 836 3360 satis
870 3289 1035 3372 ostendit,
1065 3289 1159 3358 viam
1193 3312 1215 3359 a

108 3429 214 3479 sensu
241 3408 287 3478 ad
315 3407 541 3480 intellectum
569 3430 641 3479 uon
667 3407 760 3477 bene
787 3406 962 3475 munitam
988 3404 1107 3484 fnisse,
1130 3425 1215 3473 oum

110 3525 237 3596 eadem
262 3523 412 3595 materia
435 3523 666 3618 philosophiae
693 3525 835 3616 (natura
859 3520 996 3592 seilicet
1020 3524 1153 3612 rerum)
1178 3519 1214 3588 in

110 3651 184 3713 mm
201 3663 312 3737 vagos
334 3648 372 3711 et
396 3640 612 3735 multiplices
635 3661 769 3711 errores
794 3638 940 3730 abrepta
963 3637 1071 3707 fuerit
1091 3645 1129 3707 et
1146 3637 1218 3708 dis·

110 3767 236 3830 traete.
286 3755 411 3850 Atque
437 3757 523 3829 lieet
551 3756 648 3828 hisee
674 3754 892 3847 temporibus
918 3754 1154 3824 dissensiones
1177 3762 1216 3824 et

112 3875 323 3970 dogmatum
346 3873 569 3945 diversitates
592 3873 687 3943 eirea
710 3872 881 3965 principia
903 3871 992 3963 ipsa,
1008 3878 1048 3940 et
1064 3867 1218 3961 philoso-

111 3989 214 4085 phias
230 3990 395 4084 integras,
408 3999 451 4061 ut
468 3988 662 4082 plurimum
680 3989 847 4059 extinctae
864 3986 958 4073 sint;
986 3996 1108 4058 tamen
1125 3986 1219 4058 eirca

112 4116 233 4202 pa‘rteo
262 4106 505 4200 philosophia,
534 4106 729 4176 innumerae
759 4114 907 4177 manent
936 4105 1152 4198 quaestiones
1181 4112 1219 4174 et

114 4223 383 4307 eontroversiae3
408 4232 450 4294 ut
467 4222 572 4315 plane
592 4228 770 4314 appareat,
788 4244 905 4314 neque
927 4223 966 4293 in
989 4220 1219 4315 philosophiis

116 4340 208 4435 ipsis,
219 4362 338 4433 neque
354 4340 392 4409 in
408 4340 523 4411 modis
541 4339 883 4411 demonstrationum
899 4337 1032 4431 aliquid
1051 4338 1139 4409 oerti
1156 4344 1219 4407 aut

119 4461 191 4531 sani
207 4482 296 4533 esse.

219 4596 243 4636 ὅ*
262 4593 309 4651 Gi.
321 4612 395 4666 supr.
409 4594 432 4650 l.
445 4593 489 4667 67.
845 4592 871 4633 ω
889 4593 932 4651 ci.
945 4611 1019 4665 supr.
1034 4593 1056 4647 1.
1069 4605 1112 4663 51.
