2708 5226
125 538 190 605 272
456 537 631 604 NOVUM
654 537 902 605 ORGANUM.

127 700 193 772 Eae
226 709 321 782 sunt,
356 723 433 793 quae
466 701 634 796 supplent
674 703 975 782 informationem,
1010 699 1074 772 nbi
1114 722 1220 772 sensns

126 815 231 909 plane
258 817 489 888 destituitur:
527 827 636 910 atque
666 819 797 890 ideirco
825 817 872 888 ad
903 839 965 889 ees
993 817 1220 911 confugimus

127 955 210 1003 curn
227 932 404 1003 instantiae
424 933 572 1026 propriae
595 933 718 1006 baberi
741 953 813 1002 non
828 931 977 1026 pomint.
1032 929 1221 1026 Dupliciter

127 1057 249 1120 antem
275 1048 317 1119 fit
341 1049 570 1119 substitutio:
597 1058 661 1120 aut
685 1071 749 1143 per
774 1048 1061 1143 graduationem,
1085 1057 1149 1120 aut
1172 1071 1223 1142 per

127 1164 285 1260 analoga.
354 1163 523 1260 Exempli
556 1167 690 1260 gretia:
733 1187 805 1236 non
842 1163 1031 1235 invenitur
1064 1165 1222 1247 medium,

128 1284 222 1376 quod
254 1282 414 1354 inhibeat
443 1305 582 1376 prorsus
612 1282 855 1375 operationem
885 1280 1067 1374 magnetis
1099 1283 1137 1351 in
1160 1303 1223 1352 mo-

127 1400 245 1470 vendo
275 1399 431 1470 ferrum:
466 1420 536 1468 non
565 1420 691 1468 aurum
716 1396 982 1490 interpositum,
1009 1419 1085 1467 non
1110 1421 1223 1492 ergen-

128 1529 218 1599 tum,
252 1538 324 1587 non
358 1514 455 1608 lepis,
493 1536 565 1585 uon
601 1514 742 1594 vitrum,
777 1511 926 1607 lignum,
961 1535 1069 1605 aqua,
1103 1514 1222 1595 oleum,

128 1653 266 1725 pannus
298 1642 361 1703 aut
395 1653 541 1724 corpore
569 1631 706 1714 fibrosa,
736 1631 805 1712 adr,
836 1629 990 1712 flamma,
1020 1639 1062 1701 et
1096 1640 1223 1703 caetere.

127 1746 304 1817 Attamen
334 1770 396 1839 per
429 1747 673 1840 probationem
708 1755 872 1818 exactam
902 1746 1056 1819 fortasse
1085 1747 1223 1820 inveniri

128 1863 237 1954 possit
266 1862 409 1954 aliquod
436 1863 606 1948 medium,
628 1865 723 1956 quod
752 1863 901 1935 hebetet
926 1864 1102 1936 virtutem
1127 1865 1223 1958 ipsius

128 1977 208 2071 plns
241 2001 345 2070 quam
381 1979 524 2072 aliquod
559 1980 668 2066 aliud,
695 1980 934 2074 comparative
969 1989 1011 2051 et
1045 1982 1084 2052 in
1117 1982 1222 2074 aliquo

126 2096 261 2190 grsdn:
301 2095 411 2166 veluti
445 2097 541 2189 qnod
570 2120 642 2168 non
672 2097 790 2168 trahat
819 2118 968 2190 magnes
1003 2098 1140 2169 ferrum
1170 2119 1223 2190 per

128 2222 265 2283 tantem
295 2213 487 2282 crassitiem
516 2212 601 2295 auri,
623 2234 731 2304 quam
760 2234 824 2306 per
849 2234 912 2304 par
936 2213 1098 2306 spatium
1123 2215 1221 2296 sirim

127 2340 190 2401 sut
208 2351 271 2422 per
287 2338 429 2399 tantum
445 2339 633 2423 argentum
651 2328 816 2422 ignitum,
834 2349 942 2419 quam
960 2351 1027 2421 per
1044 2328 1221 2424 frigidum

127 2457 166 2518 et
190 2448 240 2517 sic
266 2447 311 2516 de
337 2444 520 2515 similibus.
579 2443 677 2514 Nam
701 2444 748 2515 de
772 2443 827 2514 bis
851 2465 916 2514 nos
942 2445 1222 2536 experimentum

127 2585 198 2634 non
226 2563 395 2634 fecimus:
422 2562 484 2631 sed
512 2560 642 2631 sufficit
667 2571 798 2642 tamen,
816 2569 857 2629 ut
882 2570 1130 2652 proponantur
1154 2561 1221 2632 loco

127 2678 294 2771 exempli.
347 2677 519 2748 Similiter
537 2700 607 2746 non
625 2677 806 2747 invenitur
822 2675 880 2745 hic
897 2677 992 2769 apud
1013 2700 1081 2747 nos
1098 2700 1220 2772 corpus,

127 2796 220 2888 quod
248 2817 317 2864 non
341 2796 508 2886 suscipiat
534 2793 689 2864 calidum
712 2795 785 2887 igni
813 2794 1115 2885 approximatum.
1164 2794 1222 2863 At·

129 2922 248 2982 tamen
280 2910 384 3003 longe
415 2911 518 2980 citius
548 2911 695 3002 suscipit
725 2909 876 2980 calorem
903 2910 974 2991 adr,
999 2933 1110 3002 quam
1136 2910 1222 3003 lepis.

127 3026 250 3118 Atque
268 3026 349 3096 tulis
366 3036 420 3096 est-
436 3026 653 3108 substitutio,
673 3050 754 3118 quae
771 3025 812 3094 lit
829 3048 892 3116 per
908 3025 1053 3118 gradus.

178 3143 392 3214 Substitutio
411 3153 530 3212 autem
549 3165 612 3235 per
628 3142 787 3235 analoga,
805 3140 903 3211 utilis
920 3164 1017 3225 sane,
1036 3143 1099 3214 sed
1118 3145 1222 3214 miuus

128 3274 226 3333 certa
252 3271 329 3342 est;
365 3269 472 3351 etque
508 3260 639 3329 idcirco
670 3283 751 3329 cum
774 3258 913 3352 judicio
943 3260 1105 3350 quodam
1134 3257 1223 3330 adhi-

129 3379 252 3450 benda.
318 3376 371 3447 Ea
396 3376 449 3461 fit,
476 3399 557 3446 cum
585 3375 774 3446 deducitur
799 3375 1057 3447 uon-sensibile
1083 3378 1129 3447 ad
1154 3399 1223 3448 sen·

128 3520 227 3580 sum;
264 3519 333 3566 non
364 3517 427 3586 per
460 3493 683 3586 operationes
717 3491 900 3562 sensibiles
934 3493 1048 3584 ipsius
1078 3493 1223 3586 corporis

128 3613 352 3695 insensibilis,
370 3611 432 3682 sed
456 3633 518 3703 per
539 3609 878 3702 contemplationem
903 3611 1061 3700 corporis
1084 3610 1223 3701 alicujus

128 3733 269 3825 cognati
301 3727 484 3799 sensibilis.
537 3725 706 3818 Exempli
732 3728 867 3819 gratia:
899 3726 928 3795 si
960 3725 1163 3818 inquiratur
1185 3726 1224 3795 de

127 3851 275 3918 mistura
300 3847 499 3938 spirituum,
522 3844 582 3934 qui
609 3852 693 3913 sunt
718 3865 863 3935 corpora
888 3842 1152 3914 non-visibilia:
1181 3843 1224 3911 vi-

126 4126 232 4181 gerous.
268 4107 344 4177 They
355 4115 428 4160 must
440 4107 474 4161 be
489 4108 552 4176 kept
565 4104 656 4160 within
697 4105 771 4176 vey's
783 4112 856 4174 great
868 4101 1007 4174 discovery
1017 4125 1026 4168 3
1044 4122 1074 4159 as
1086 4104 1133 4160 tbe
1144 4105 1224 4159 valven

127 4189 201 4243 striet
219 4187 300 4241 limite
316 4186 346 4240 ol
357 4186 548 4255 Homopeaeity,
561 4203 592 4239 or
604 4187 657 4239 else
697 4184 726 4238 in
738 4184 825 4253 plante
841 4199 886 4235 are
901 4191 929 4235 to
943 4181 989 4235 the
1008 4200 1067 4253 sap,
1080 4184 1130 4238 &e
1143 4201 1173 4239 en
1187 4199 1225 4237 arc

126 4265 189 4337 they
201 4265 254 4319 will
267 4264 385 4319 mielead.
415 4263 524 4334 Beyond
537 4263 656 4318 theseli·
698 4261 743 4316 the
761 4262 850 4316 velves
869 4261 897 4314 in
921 4259 967 4313 the
986 4261 1063 4316 veina
1087 4272 1117 4317 to
1136 4259 1224 4316 blood

126 4348 189 4401 mite
202 4346 325 4415 Analogy
337 4345 389 4397 will
405 4343 499 4398 indeed
516 4344 576 4414 give
587 4343 658 4396 lists
697 4339 756 4394 The
772 4357 844 4394 cases
863 4356 906 4392 are
925 4337 1154 4410 Homogeneous:
1172 4338 1224 4395 itia

126 4424 180 4482 and
190 4424 289 4479 chance
301 4423 493 4492 probabilities5
506 4423 555 4477 but
564 4421 656 4477 within
697 4419 742 4473 the
754 4418 881 4489 principle
893 4417 924 4471 ol
932 4415 978 4471 the
989 4418 1097 4488 growtb
1110 4419 1225 4495 olflliring

126 4502 296 4561 theselimite
308 4502 353 4556 the
365 4502 540 4572 argumentis
552 4509 655 4572 strong,
696 4498 800 4568 beings,
812 4495 909 4559 which,
922 4497 949 4550 iu
962 4495 1030 4552 both
1046 4516 1131 4564 casea,
1143 4494 1224 4554 would

126 4584 179 4639 and
192 4583 288 4637 almost
300 4580 458 4636 conclusive.
495 4579 570 4634 Scin
585 4578 655 4633 llar-
697 4575 828 4634 beunder
840 4576 885 4629 the
898 4592 971 4629 same
982 4575 1042 4630 lew.
