2708 5226
125 497 194 567 Μ
452 490 625 560 NOVUM
648 487 897 556 ommuni.

126 663 246 734 dinem
271 659 492 740 substantia,
507 658 667 729 discusso
690 664 832 747 torpoes
857 653 944 724 ferri
970 671 1039 748 per
1063 651 1221 727 virtutem

126 776 314 870 magnetis
370 774 497 858 Quoad
530 794 616 845 vero
647 769 824 843 saxium
855 782 991 854 metm,
1016 771 1223 865 comptem

127 891 217 964 iliud
250 888 288 962 in
317 890 457 986 sagittis
489 889 627 984 ligneis,
657 888 803 982 cuspide
830 887 944 959 etiarn
979 886 1123 982 lignea:
1155 906 1222 980 qm

127 1006 237 1078 nitius
258 1016 447 1100 penetrant
467 1007 505 1077 in
526 1005 599 1076 εἴη
619 1003 726 1098 ligna,
743 1003 899 1098 quamsi
917 1003 1076 1074 inflant
1090 1011 1223 1073 armata

128 1125 232 1205 forro,
261 1142 325 1217 per
352 1121 620 1195 similitudinem
649 1121 864 1203 substantiae,
895 1116 1062 1191 ᾶὶιιιιηο
1092 1128 1222 1212 torpore

128 1242 218 1338 ligni
246 1264 310 1336 per
334 1251 474 1313 motum
502 1234 678 1313 ceieremr
701 1239 748 1309 ds
772 1237 902 1332 quibua
926 1237 1074 1310 duobus
1097 1236 1223 1331 expori-

128 1355 261 1429 mentis
288 1357 397 1428 etiam
425 1359 464 1427 in
496 1353 697 1447 aphorismo
725 1355 772 1426 de
798 1354 983 1426 imenso
1011 1351 1223 1426 mna

129 1474 285 1543 diximus
293 1469 332 1543 ⁸⁰.

182 1584 326 1681 Ligatio
347 1608 431 1658 vero
458 1596 579 1658 motus
603 1586 873 1684 oonprtpmorrt's
901 1585 1069 1669 minoris,
1091 1606 1167 1679 qua
1189 1583 1224 1654 fit

130 1724 195 1797 par
220 1704 368 1774 itanum
397 1703 552 1795 eorporis
576 1701 801 1785 domimus.
826 1702 1051 1794 aspicitur
1075 1702 1113 1772 in
1141 1700 1225 1772 sola·

130 1819 229 1890 tione
247 1818 426 1911 sanguinis
442 1829 480 1890 et
495 1818 678 1890 urinarum
694 1840 758 1911 per
773 1818 895 1912 frigus
935 1816 1124 1902 Quamdiu
1139 1817 1223 1887 enin

130 1933 268 2026 repleta
293 1933 427 2004 fuerint
452 1954 599 2026 corpora
624 1933 687 2005 illa
713 1931 839 2028 spiritu
863 1933 962 2028 agili,
987 1935 1053 2026 qai
1075 1932 1225 2028 'angam

131 2066 257 2122 eorum
289 2060 407 2142 partes
433 2048 676 2141 cujuscunque
708 2050 860 2144 generis,
886 2050 966 2142 ipse
996 2059 1042 2120 ut
1071 2046 1225 2120 dominu

131 2163 252 2248 totius,
270 2165 411 2236 ordinat
433 2175 472 2236 et
493 2164 662 2246 oohibat;
687 2164 826 2235 temdus
844 2184 918 2235 non
936 2166 1073 2236 coeunt
1094 2165 1225 2237 horae

130 2300 245 2375 genos
261 2290 406 2374 propter
426 2279 596 2351 fraenum
621 2279 683 2351 sed
700 2290 887 2372 postquam
904 2280 969 2353 iiie
992 2282 1140 2375 spiritus
1154 2300 1226 2352 ers

131 2398 318 2491 potaverit,
341 2405 404 2468 aut
426 2395 617 2467 suffocatus
639 2397 749 2468 inerit
773 2415 837 2489 par
861 2396 986 2492 frigus,
1007 2407 1091 2469 tum
1112 2397 1227 2470 wirte

132 2523 252 2606 partes
284 2533 306 2582 a
340 2512 459 2596 steno,
488 2519 620 2581 coeunt
649 2512 843 2581 secundum
878 2512 1098 2584 desiderium
1132 2534 1225 2584 suun

132 2626 304 2698 naturale.
355 2625 478 2718 Atque
500 2626 581 2696 ideo
604 2627 655 2708 fit,
673 2638 714 2696 ut
735 2628 854 2697 omnia
873 2647 1032 2719 corpora,
1051 2650 1134 2722 quae
1154 2651 1227 2700 cou-

133 2744 251 2813 tineut
273 2744 435 2836 spiritum
456 2764 585 2825 acrem,
604 2745 660 2834 (ut
682 2742 781 2826 sales,
800 2753 839 2814 et
862 2740 1088 2835 hujusmodi)
1109 2748 1228 2817 durent

132 2869 171 2929 et
201 2880 272 2928 non
297 2855 490 2941 solvantur,
516 2857 562 2928 ob
591 2859 739 2929 fraenum
769 2882 979 2952 permanens
1009 2873 1049 2934 et
1078 2860 1228 2934 durabile

133 2975 278 3067 spiritus
295 2973 512 3044 dominantis
528 2983 566 3043 et
582 2975 770 3066 imperiosi.

186 3088 328 3183 Ligatio
355 3111 437 3158 vero
461 3099 582 3161 motus
606 3092 878 3188 congregationis
903 3094 1064 3178 raineria,
1092 3116 1170 3188 qua
1195 3094 1229 3162 fit

134 3227 198 3300 per
222 3215 361 3277 motum
380 3218 581 3291 externum,
597 3210 756 3279 maxime
777 3211 996 3302 conspicitur
1018 3213 1057 3282 in
1075 3213 1232 3307 agitatio-

135 3324 239 3394 nibus
262 3341 461 3415 corporum,
479 3344 543 3415 per
559 3345 647 3415 quas
670 3334 810 3395 arcetur
831 3326 1058 3418 putrefactio.
1113 3327 1231 3399 Omnis

135 3443 231 3513 enim
249 3440 461 3535 putrefactio
484 3440 655 3510 fundatur
671 3441 707 3510 in
725 3443 1002 3536 congregatione
1022 3444 1231 3540 homogena-

136 3577 260 3644 orum3
287 3556 384 3626 unde
409 3554 581 3649 paulatim
606 3558 649 3626 fit
674 3559 852 3650 corruptio
878 3560 1005 3650 prioris
1031 3561 1155 3653 (quarn
1180 3582 1232 3630 vo-

137 3672 234 3759 eant)
252 3672 382 3754 formae,
400 3682 439 3742 et
455 3672 638 3766 genoratio
657 3693 766 3743 nova.
811 3672 908 3744 Nam
925 3677 1231 3766 putrefactionem,

138 3808 216 3877 que
241 3787 368 3856 sternit
393 3788 486 3857 narn
512 3789 557 3858 ad
582 3789 849 3882 generationem
874 3807 975 3860 noste
1000 3792 1136 3878 formae,
1156 3817 1233 3888 pra

138 3899 236 3971 cedit
259 3901 389 3971 solutio
411 3904 562 3985 veteris3
588 3927 666 3996 quae
689 3914 745 3975 est
770 3906 846 3997 ipsa
869 3905 977 3975 coitio
999 3909 1045 3978 ad
1071 3909 1233 4003 homoge-

138 4032 254 4085 neam.
312 4014 366 4087 Ea
396 4041 489 4101 vcro,
520 4021 548 4091 si
583 4043 655 4090 non
685 4021 857 4112 impedita
887 4021 1008 4107 fuerit,
1038 4024 1084 4095 fit
1112 4025 1233 4098 solutio

139 4130 311 4223 simplex;
348 4136 401 4204 sin
429 4145 615 4205 occurrant
638 4137 733 4206 varia
760 4158 838 4228 quae
864 4136 1020 4221 obstant,
1043 4151 1233 4234 sequuntur

139 4247 424 4339 putrefactiones,
441 4270 519 4341 quae
541 4261 624 4322 sunt
644 4253 846 4325 rudimenta
866 4257 1111 4347 generationis
1134 4278 1234 4329 nora.

574 4493 600 4536 Ψ
611 4495 693 4568 Supr.
705 4496 744 4552 11.
755 4510 799 4565 25.
