2708 5226
452 306 458 319 Ι

884 380 893 388 ι

125 511 190 576 822
455 509 628 576 NOVUM
651 507 917 575 osoaNUM.

126 678 244 750 miuus
275 679 374 750 enim
406 685 463 750 est
495 676 603 747 homo
637 682 802 746 motuum
838 670 1125 751 violentorum,
1157 664 1252 760 magis

126 816 232 886 quam
250 803 468 866 oaeterornm.

172 909 238 1000 (8.)
256 908 311 982 At
328 911 455 982 tertius
472 931 518 979 ex
535 916 676 1000 septem
691 905 808 977 nrodis
825 905 1000 978 refertur
1016 902 1067 976 ad
1085 923 1238 996 magnum

127 1025 218 1098 illud
243 1049 415 1121 organum
440 1035 513 1097 tam
539 1031 676 1094 naturae
700 1044 808 1114 quam
833 1021 938 1104 artis,
958 1018 1087 1113 quoad
1106 1039 1234 1111 operar·

128 1143 237 1228 dum:
272 1142 439 1215 videlicet
464 1139 619 1213 calidum
644 1148 682 1210 et
707 1137 893 1232 frigidum.
947 1135 1083 1231 Atque
1113 1136 1149 1206 in
1176 1133 1231 1204 hac

128 1269 230 1353 parte
257 1259 434 1330 claudicat
464 1257 568 1352 plane
599 1253 759 1349 potentia
788 1253 965 1336 humana,
994 1261 1167 1346 tanquam
1191 1271 1228 1321 ex

128 1399 202 1447 uno
218 1374 321 1468 pede.
369 1373 554 1446 Habemus
571 1371 665 1442 enim
683 1369 838 1441 calorem
855 1370 964 1464 ignis,
982 1371 1048 1463 qni
1067 1366 1227 1440 caloribus

129 1492 212 1563 solis
228 1491 350 1583 (prout
365 1491 411 1561 ad
428 1510 492 1558 nos
509 1486 733 1573 deferuntur)
751 1494 790 1556 et
806 1486 992 1558 caloribus
1017 1483 1225 1562 animalum,

128 1609 227 1698 quasi
253 1607 399 1677 infinitis
424 1604 592 1697 partibus,
610 1603 790 1696 potentior
806 1611 864 1674 est
888 1611 927 1674 et
945 1602 1133 1673 intensior.
1181 1597 1224 1669 At

129 1722 231 1793 deest
256 1723 375 1813 frigus,
399 1720 466 1791 nisi
489 1718 593 1810 quale
617 1741 683 1810 per
701 1727 936 1811 tempestates
961 1715 1157 1810 hyemales,
1172 1724 1225 1787 aut

128 1860 193 1930 per
216 1858 391 1920 cavernas,
416 1843 479 1906 ant
507 1857 570 1928 per
591 1833 890 1904 circumdationes
917 1833 1009 1904 nivis
1032 1840 1072 1905 et
1099 1830 1224 1927 glaciei,

127 1953 249 2023 haberi
278 1960 423 2045 potest:
459 1951 554 2044 quod
583 1951 622 2021 in
651 1951 917 2042 comparatione
951 1950 1085 2040 aequari
1117 1953 1224 2040 potest

127 2091 208 2140 cum
228 2068 344 2140 calore
365 2068 512 2139 fortasse
536 2065 619 2137 solis
645 2065 851 2147 meridiano,
876 2066 916 2135 in
941 2066 1091 2159 regione
1116 2063 1224 2154 aliqua

128 2207 174 2256 ex
191 2184 346 2266 torridis,
362 2192 468 2254 aucto
484 2183 628 2276 insuper
645 2203 709 2275 per
724 2181 1031 2253 reverberationes
1054 2181 1224 2252 montium

128 2310 167 2374 et
184 2302 381 2395 parietum:
404 2322 486 2371 nam
504 2299 717 2391 hujusmodi,
736 2297 861 2390 utique
879 2309 955 2369 mm
972 2298 1111 2370 calores
1126 2317 1224 2390 quam

128 2417 268 2513 frigora,
285 2417 332 2487 ab
348 2415 559 2487 animalibus
575 2415 620 2486 ad
639 2425 781 2507 tempus
796 2416 974 2508 exiguum
991 2414 1138 2488 tolerari
1154 2435 1223 2507 pos-

128 2543 221 2604 sunt.
249 2530 366 2601 Nihili
385 2543 505 2602 autem
523 2540 607 2601 sunt
624 2530 698 2601 fere
715 2552 785 2622 prae
801 2533 919 2601 calore
936 2532 1093 2603 fornacis
1110 2531 1225 2603 ardeu-

128 2649 184 2730 tis,
201 2658 263 2718 aut
287 2648 435 2738 alicujus
453 2648 591 2741 frigoris
610 2647 705 2739 quod
723 2645 804 2716 huic
821 2647 949 2739 gradui
974 2642 1223 2742 respondeat¹⁵.

128 2760 255 2853 Itaque
278 2763 397 2832 omnia
419 2763 477 2833 hic
497 2765 592 2856 apud
616 2785 679 2833 nos
697 2773 849 2857 vergunt
874 2765 919 2833 ad
947 2765 1222 2840 rarefactionem

127 2888 166 2950 et
183 2879 466 2962 desiccationem,
484 2889 521 2949 et
539 2881 866 2972 consumptionem:
885 2881 976 2951 nihil
994 2883 1071 2953 fere
1087 2882 1134 2952 ad
1151 2903 1224 2951 con-

128 2994 381 3074 densationem,
406 3004 444 3064 et
474 2995 779 3072 intenerationem,
805 2996 872 3066 nisi
903 3020 968 3089 per
996 3000 1165 3068 misturae
1191 3005 1223 3064 et

127 3111 252 3182 modos
280 3111 378 3202 quasi
407 3114 553 3204 spurios.
611 3113 730 3196 Quare
759 3113 937 3183 instantiae
966 3113 1108 3207 frigoris
1135 3111 1222 3183 omni

128 3227 313 3322 diligentia
338 3238 422 3299 sunt
447 3230 714 3320 conquirenda:
742 3229 864 3320 quales
888 3230 1060 3301 videntur
1082 3228 1223 3301 inveniri

129 3346 166 3414 in
200 3345 421 3436 expositione
455 3368 639 3437 corporum
674 3367 780 3437 super
808 3352 923 3416 turres
959 3348 1104 3437 quando
1137 3346 1224 3442 gelat

128 3463 277 3534 aeriter:
306 3462 340 3530 in
359 3462 517 3532 cavernis
538 3462 796 3532 subterraneis:
823 3462 1164 3535 circumdationibus
1179 3463 1225 3532 ni-

130 3576 180 3645 vis
198 3587 236 3646 et
252 3576 389 3669 glaciei,
408 3577 444 3645 in
472 3575 557 3646 locis
584 3577 879 3668 profundioribus,
898 3587 936 3648 et
961 3581 1008 3650 ad
1035 3582 1104 3652 hoo
1130 3603 1225 3652 exca-

130 3693 238 3761 vatis:
265 3694 479 3764 demissione
502 3717 687 3785 corporum
705 3695 741 3764 iu
765 3704 912 3786 puteos:
938 3698 1134 3790 sepulturis
1157 3720 1224 3769 cor·

132 3830 256 3899 porum
274 3810 308 3876 in
328 3820 474 3903 argento
493 3811 572 3880 vivo
598 3819 636 3881 et
661 3810 835 3881 metallis:
862 3812 1094 3888 immersione
1112 3836 1223 3907 corpo-

131 3946 209 3992 rum
227 3924 264 3992 in
281 3926 391 4015 aquis,
408 3949 486 4017 quae
504 3935 647 3996 vertunt
665 3926 760 4020 ligna
783 3930 820 3996 in
844 3927 1004 4021 lapides:
1032 3932 1223 4003 defossione

131 4061 316 4130 corporum
335 4042 369 4110 in
390 4052 504 4123 terra:
532 4043 659 4134 (qualis
682 4044 795 4114 fertur
818 4045 913 4136 apud
931 4044 1132 4120 Chinenses
1157 4068 1224 4118 esse

131 4156 307 4226 confectio
325 4156 575 4250 porcellanaoffi,
589 4161 649 4231 ubi
663 4184 784 4232 massae
801 4164 845 4232 ad
865 4161 933 4232 hoc
948 4163 1054 4236 factae
1068 4168 1226 4237 dicuntur

170 4352 193 4392 ¹³
212 4353 260 4406 See
273 4371 346 4423 supr.
361 4355 399 4410 ll.
411 4372 452 4410 20.
467 4357 541 4423 (note
553 4356 610 4427 36.)
702 4356 747 4410 the
765 4356 892 4427 prepared
904 4358 994 4414 earths
1007 4379 1077 4417 vvere
1088 4361 1180 4418 buried
1192 4360 1227 4415 for

170 4431 193 4471 ¹⁶
212 4432 356 4486 Porcelain.
413 4435 471 4489 The
489 4436 561 4490 word
591 4436 664 4489 itself
701 4439 793 4507 along
805 4438 877 4501 time,
890 4454 919 4491 as
934 4438 993 4492 itis
1014 4440 1124 4497 derived
1140 4441 1225 4512 proba·

132 4513 208 4566 bears
228 4512 371 4582 testimony
390 4522 418 4566 to
438 4514 484 4567 the
505 4515 586 4568 belief
604 4515 660 4568 that
702 4516 747 4585 bly
766 4516 834 4570 from
853 4534 867 4569 u
886 4517 1059 4587 quasi-Latin
1079 4520 1150 4576 word
1171 4535 1226 4590 pro·
