2708 5226
565 117 654 184 ma.
676 118 723 184 11.
748 136 801 207 50.
1169 128 1235 192 aaa

131 279 386 366 experimentis
403 281 570 352 chemicis
588 285 679 354 eirca
699 283 844 354 metalla
861 285 1094 356 inveniuntur
1110 295 1148 357 et
1171 287 1231 358 alii

130 393 294 464 nonnulli
318 396 563 469 observatione
588 400 697 493 digni.
752 400 914 475 Maxima
932 425 1014 472 vero
1032 402 1233 495 frequentia

129 531 256 580 eorum
283 510 338 602 (ut
364 513 400 582 in
426 522 527 585 tanta
554 517 748 608 paucitate)
776 518 957 588 invenitur
980 518 1018 587 in
1045 519 1232 592 medicinis

129 627 322 708 nonnullis,
341 652 417 720 quae
435 652 481 700 ex
498 633 773 724 proprietatibus
797 634 869 703 suia
886 632 1035 705 occultis
1052 633 1154 728 (quas
1171 658 1232 707 vo·

93 738 104 767 ³
128 742 228 834 cant)
249 752 288 814 et
304 747 475 837 specificis
496 749 690 841 respiciunt
707 757 770 819 aut
787 750 956 833 membra,
974 760 1038 822 aut
1054 751 1229 837 humores,

128 867 193 928 aut
209 861 362 942 morbos,
380 872 443 933 aut
459 865 675 956 quandoque
693 872 838 936 naturas
855 866 1061 939 individuas.
1097 867 1230 963 Neque

128 977 322 1047 omittendi
336 986 419 1048 sunt
431 1002 620 1050 consensus
634 982 730 1051 inter
742 991 859 1052 motus
876 992 914 1052 et
930 981 1078 1055 affectus
1095 983 1229 1069 lunaeffl,

128 1101 168 1164 et
185 1096 364 1186 passiones
382 1118 568 1188 eorpomm
587 1097 804 1181 inferiorum,
821 1107 927 1191 prout
943 1122 989 1169 ex
1007 1102 1230 1193 experimen-

129 1210 175 1279 tis
191 1211 427 1305 agriculturae,
444 1213 604 1296 nauticae,
623 1221 660 1283 et
677 1213 870 1296 medicinae,
887 1222 950 1284 aut
965 1215 1051 1286 alias
1067 1240 1151 1288 eum
1168 1217 1230 1288 de-

128 1322 226 1394 lectu
243 1347 366 1398 severo
383 1336 421 1398 et
437 1329 572 1398 sincero
590 1327 709 1422 colligi
727 1338 765 1400 et
782 1329 891 1421 recipi
909 1330 1053 1422 possint.
1088 1330 1229 1403 Verum

127 1437 307 1511 instantiae
323 1442 494 1514 universae
519 1465 753 1514 consensuum
780 1443 1011 1514 secretiorum
1028 1467 1099 1536 quo
1115 1447 1228 1541 magis

127 1564 214 1625 sunt
230 1557 483 1650 infrequentes
501 1582 545 1631 eo
562 1560 694 1652 majore
711 1582 794 1630 eum
811 1559 997 1652 diligentia
1012 1569 1096 1631 sunt
1113 1561 1229 1654 inqui-

127 1673 257 1756 rendae,
275 1698 338 1768 par
355 1676 574 1759 traditiones,
597 1686 636 1748 et
661 1675 879 1747 narrationes
903 1674 992 1745 fidas
1017 1684 1057 1746 et
1080 1675 1228 1769 probas3
1303 1675 1308 1683 ’

127 1789 236 1859 modo
252 1789 321 1860 hoe
336 1791 400 1861 fiat
423 1791 554 1884 absque
571 1791 645 1862 ulla
669 1791 827 1870 levitate,
845 1797 908 1860 aut
926 1790 1149 1875 credulitate,
1166 1795 1227 1865 sed

126 1905 200 1976 lide
217 1907 322 1977 anxia
338 1915 377 1978 et
393 1909 492 2000 quasi
510 1903 797 1978 dubitabunda³⁴.

180 2020 238 2111 (ε.)
258 2018 386 2091 Restat
403 2044 593 2093 consensus
614 2042 800 2113 corporum
823 2020 931 2090 modo
954 2019 1133 2113 operandi,
1151 2027 1230 2090 tan-

126 2157 236 2227 quam
249 2136 486 2221 inartificialis,
497 2139 559 2208 sed
572 2159 638 2208 usu
650 2136 915 2231 polychrestus:
933 2136 994 2228 qui
1008 2133 1226 2208 nullomodo

125 2251 348 2324 omittendus
357 2262 423 2336 est,
433 2253 496 2324 aad
507 2252 630 2323 sedula
640 2252 884 2324 observatione
895 2251 1170 2346 investigandus.
1191 2252 1229 2325 Is

126 2377 183 2439 est
200 2369 309 2439 coitio
327 2371 401 2441 sive
418 2370 503 2441 unio
520 2393 707 2464 corporum
724 2369 898 2462 proclivis,
912 2378 975 2440 aut
993 2368 1153 2453 difficilis,
1166 2391 1231 2462 per

125 2486 420 2579 compositionem
431 2487 767 2580 siveappositionem
774 2486 981 2579 simplicem.
1000 2485 1229 2558 Etenimcor·

125 2624 213 2693 pora
222 2600 394 2673 nonnulla
404 2601 507 2673 facile
518 2613 556 2674 et
566 2602 720 2674 libenter
730 2604 1005 2676 commiscentur
1014 2613 1052 2674 et
1064 2605 1226 2698 incorpo-

124 2726 271 2789 rantur:
298 2718 367 2790 alia
391 2728 513 2790 autem
531 2741 623 2814 aegre
640 2729 678 2789 et
696 2742 868 2811 perverse.
919 2719 1046 2791 Veluti
1064 2723 1227 2813 pulveres

124 2834 254 2905 melius
272 2837 540 2929 incorporantur
557 2857 640 2906 eum
657 2835 780 2927 aquis;
806 2834 919 2906 calces
936 2844 974 2906 et
991 2837 1126 2908 cineres
1143 2859 1226 2907 eum

124 2949 232 3034 oleis3
258 2960 296 3023 et
321 2953 371 3021 sic
395 2952 441 3022 de
466 2950 650 3021 similibus.
702 2949 833 3042 Neque
853 2959 995 3022 tanturn
1021 2959 1106 3023 sunt
1127 2952 1226 3024 eolli-

122 3069 249 3163 gendae
272 3070 449 3140 instantiae
470 3066 723 3163 propensionis,
740 3076 804 3138 aut
821 3067 1013 3139 censionis
1038 3091 1225 3163 corporum

123 3208 209 3280 erga
224 3186 420 3268 misturam,
439 3184 499 3257 sed
519 3187 629 3257 etiam
648 3184 891 3257 collocationis
915 3185 1081 3277 partium,
1100 3195 1138 3257 et
1155 3187 1226 3258 dis·

158 3382 185 3422 ⁸³
201 3381 260 3437 'l'he
274 3382 382 3437 Moon’s
394 3387 412 3412 ‘¹
422 3381 599 3446 consensus,”
612 3381 652 3450 (1)
693 3379 724 3435 ol
733 3378 820 3434 which
837 3379 919 3435 heliel
931 3379 976 3434 the
987 3387 1056 3436 term
1069 3381 1225 3456 “hautay'’

121 3479 159 3516 on
181 3461 415 3533 agriculture-in
438 3478 469 3515 so
492 3461 534 3515 far
552 3477 582 3515 aa
606 3459 654 3514 she
693 3459 827 3514 isarelic.

121 3542 145 3595 is
158 3539 276 3611 thought
287 3548 315 3594 to
328 3538 409 3611 bring
422 3538 576 3594 aeasonable
587 3556 654 3593 wea-
729 3537 755 3577 ⁸⁴
772 3536 839 3592 This
856 3537 881 3592 is
900 3538 1002 3609 exactly
1020 3537 1065 3593 the
1083 3537 1180 3610 phrase
1196 3549 1226 3596 to

121 3618 183 3672 ther
199 3627 227 3672 at
244 3617 293 3673 her
307 3617 422 3672 lull-as
440 3617 468 3671 in
487 3616 533 3672 the
551 3634 611 3672 case
626 3616 658 3671 ol
695 3617 800 3688 explain
819 3616 936 3671 Bacon's
956 3633 1017 3671 own
1037 3619 1137 3673 mental
1157 3627 1225 3676 atate

121 3697 168 3751 the
182 3695 393 3751 Hmvestmoon
405 3696 552 3768 especially.
695 3696 795 3767 during
813 3695 1009 3765 mvesdgation,
1030 3701 1049 3727 ‘⁶
1060 3695 1126 3752 fides
1146 3698 1225 3753 anxia

159 3775 200 3845 (a)
220 3774 253 3830 In
266 3774 501 3847 Navigation-by
513 3773 562 3829 her
573 3773 652 3828 influ-
692 3784 719 3830 et
736 3772 956 3834 dubitabunda;”
974 3773 1017 3829 lor
1028 3774 1123 3831 Doubt
1140 3776 1165 3832 is
1181 3794 1225 3832 es·

120 3872 186 3909 enee
197 3871 234 3908 ou
245 3853 291 3908 the
304 3852 362 3917 Sea,
375 3854 394 3908 i.
403 3871 427 3909 e.
439 3853 468 3907 in
480 3851 526 3908 the
536 3851 626 3908 'lidea
692 3854 787 3910 sential
798 3861 826 3907 to
835 3852 881 3908 the
892 3851 1041 3927 beginning
1049 3855 1105 3910 oia
1115 3853 1225 3929 healthy

156 3934 198 4004 (3)
224 3931 258 3986 ln
283 3931 495 4004 Medicina-by
515 3931 563 3986 her
586 3949 652 4003 sup·
692 3930 861 4005 philosophy.

120 4011 204 4082 posed
223 4029 311 4082 power
326 4011 354 4067 in
370 4011 468 4068 certain
483 4011 651 4082 complaints,
