2708 5226
459 365 473 379 6.

211 567 278 637 176
538 568 712 634 NOVUM
734 569 984 635 OBGANUM.

285 757 364 827 qnae
380 744 465 805 sunt
481 737 556 806 sine
572 758 702 829 magua
716 736 919 807 acrimonia.
947 735 1176 807 Fortissimus
1190 747 1300 809 entem

285 849 381 921 calor
396 851 571 944 reperitur
586 853 625 921 in
642 853 721 944 pice
738 861 777 923 et
793 853 919 934 resina,
937 859 1048 942 atque
1064 850 1184 922 adhuc
1201 854 1302 947 magis

283 967 321 1034 in
339 963 518 1058 sulphure,
535 976 573 1035 et
598 965 763 1059 caphura,
783 963 1012 1057 etnaphtha,
1031 973 1069 1034 et
1086 962 1255 1056 petroleo
1271 976 1303 1036 et

283 1079 423 1161 salibus,
453 1079 656 1172 (postquam
686 1081 836 1151 materia
865 1079 975 1150 cruda
1002 1078 1178 1172 eruperit)
1206 1092 1245 1150 et
1271 1083 1303 1149 in

282 1195 410 1266 horum
428 1196 751 1289 compositionibus,
769 1194 881 1265 veluti
898 1195 1046 1287 pulvere
1067 1198 1302 1277 tormentatio,

283 1313 367 1405 igne
390 1308 563 1393 Graecoffi,
585 1310 709 1403 (quem
739 1310 847 1404 vulgo
876 1313 997 1404 ignem
1024 1311 1143 1381 ferum
1168 1313 1302 1404 vocant)

283 1437 322 1499 et
337 1429 486 1497 diversis
503 1428 579 1520 ejus
600 1426 896 1520 generibusque
919 1436 994 1497 tam
1012 1426 1235 1498 obstinatum
1250 1427 1304 1497 ha·

283 1543 371 1614 bent
388 1541 554 1629 calorem,
570 1551 612 1612 ut
628 1543 674 1612 ab
691 1542 790 1634 aquis
812 1564 884 1613 non
902 1540 1008 1613 facile
1024 1543 1302 1637 exstinguantur.

209 1665 268 1730 22.
289 1658 544 1730 Existimamus
559 1661 669 1730 etiam
685 1657 876 1738 flammam,
893 1681 973 1751 qnae
989 1658 1144 1729 resultat
1160 1681 1208 1730 ex
1225 1682 1305 1729 non·

283 1774 390 1845 nullis
419 1774 573 1846 metallis
601 1770 862 1868 imperfectisffi,
888 1796 965 1845 esse
993 1772 1099 1845 valde
1128 1774 1304 1845 robustam

283 1899 322 1960 et
354 1911 483 1961 acrem.
539 1889 678 1961 Verum
712 1891 758 1961 de
790 1891 870 1961 istis
907 1891 1074 1961 omnibus
1112 1891 1305 1983 inquiratur

283 2003 444 2075 ulterius.

208 2126 268 2192 23.
287 2119 444 2192 Videtur
475 2128 597 2191 autem
631 2119 774 2191 flamma
806 2119 998 2192 fulminum
1034 2118 1305 2214 potentiorum⁹²

280 2236 344 2307 has
369 2257 493 2306 omnes
514 2234 673 2308 flammas
697 2260 883 2331 superare;
917 2240 1008 2311 adeo
1034 2250 1077 2310 ut
1102 2240 1236 2311 ferrum
1257 2241 1305 2332 ip

281 2375 360 2424 sum
386 2353 585 2446 perfectum
611 2353 803 2445 aliquando
829 2353 1078 2447 colliquaverit
1103 2356 1141 2425 in
1165 2365 1304 2450 guttas3

281 2470 377 2561 qnod
393 2468 545 2539 flemmae
565 2468 635 2540 illae
652 2470 771 2540 alterae
789 2469 906 2541 facere
927 2493 998 2541 non
1016 2482 1176 2563 possunt.

207 2589 266 2656 24.
285 2583 329 2655 In
346 2584 469 2679 ignitis
491 2593 613 2654 autem
631 2584 758 2655 diversi
781 2593 866 2655 snnt
887 2588 996 2656 etiam
1016 2588 1150 2680 gradus
1172 2588 1305 2672 caloris,

281 2701 326 2771 de
354 2702 482 2792 quibus
508 2699 617 2771 etiam
641 2723 714 2771 non
738 2700 833 2771 facta
860 2711 916 2772 est
938 2701 1091 2796 diligens
1112 2705 1304 2796 inquisitio.

280 2815 444 2887 Calorem
461 2818 618 2886 maxime
642 2815 796 2887 debilem
814 2818 1061 2890 existimamus
1085 2842 1163 2890 esse
1179 2844 1227 2892 ex
1245 2819 1306 2889 lin·

280 2941 340 3003 teo
366 2940 472 3015 usto;
503 2930 598 3023 quali
622 2934 666 3002 ad
688 2931 838 3001 dammae
861 2935 1118 3005 excitationem
1142 2939 1197 3005 uti
1220 2935 1307 3006 sole-

279 3071 381 3131 mus;
407 3058 446 3119 et
462 3047 626 3118 similiter
642 3070 687 3117 ex
712 3048 810 3140 ligno
832 3046 894 3116 illo
918 3049 1116 3143 spongioso‚
1134 3063 1199 3121 aut
1216 3051 1307 3122 funi·

280 3164 369 3235 culis
397 3163 571 3244 arefactis,
601 3163 662 3254 qui
694 3163 738 3233 ad
770 3171 1030 3234 tormentorum
1060 3167 1306 3238 accensionem

279 3280 503 3351 adhibentur.
555 3278 642 3349 Post
665 3278 760 3348 huno
783 3281 946 3371 sequitur
971 3280 1077 3351 carbo
1103 3283 1240 3375 ignitus
1262 3305 1308 3352 ex

278 3396 394 3490 lignis,
413 3404 450 3466 et
472 3395 709 3477 anthracibus,
726 3404 835 3485 atque
858 3397 968 3466 etiam
986 3419 1033 3467 ex
1057 3396 1229 3469 lateribus
1254 3400 1307 3492 ig·

278 3513 374 3594 uitis,
395 3522 433 3582 et
458 3511 642 3582 similibus.
694 3509 895 3604 Ignitorum
920 3520 1044 3583 antem
1070 3512 1309 3585 vehementis·

279 3630 368 3700 sime
401 3628 514 3700 calida
543 3629 788 3699 existimamus
821 3649 897 3699 esse
931 3626 1078 3699 metalla
1111 3630 1237 3723 ignita,
1268 3642 1308 3701 ut

250 3822 276 3862 ’ὅ
294 3820 474 3892 Gunpowder.
521 3819 580 3874 The
609 3819 734 3892 ordinary
775 3821 1309 3878 metallicsubstanceswhichareductile

203 3901 379 3971 composition
395 3900 426 3954 ol
436 3897 608 3969 Gunporrder
625 3900 648 3952 is
663 3899 733 3967 pni-
774 3898 828 3953 sud
852 3900 922 3954 fixed
940 3901 969 3954 in
986 3899 1033 3954 the
1054 3901 1110 3965 flre,
1130 3908 1157 3954 to
1172 3918 1189 3954 a
1206 3904 1309 3956 cer-ruis

203 3990 252 4044 tre,
283 3979 443 4050 {sulphun
474 3977 638 4044 {chamont
684 3976 734 4031 See
775 3978 873 4047 decret,
885 3978 935 4032 but
947 3977 1035 4032 which
1051 3996 1095 4033 are
1113 3977 1258 4051 doeboyed
1274 3981 1310 4052 by

203 4058 265 4112 infr.
279 4057 370 4128 ll.36.
385 4056 486 4127 Instp.
775 4056 820 4110 the
839 4055 984 4110 continued
1004 4057 1092 4111 action
1114 4058 1146 4111 of
1162 4058 1207 4112 lire
1214 4079 1224 4121 ;
1256 4060 1308 4113 ie.

240 4135 389 4190 Greek-fine
407 4152 460 4188 was
483 4132 539 4187 said
560 4144 589 4188 to
607 4133 641 4188 be
661 4151 733 4187 com-
775 4133 897 4204 changed
914 4135 972 4188 into
990 4151 1024 4187 an
1042 4134 1117 4188 earth
1136 4134 1263 4205 deprived
1281 4136 1313 4190 oi

204 4213 287 4284 posed
307 4215 339 4268 ol
356 4212 478 4282 sulphur,
500 4211 629 4282 naphtha,
650 4212 733 4282 pitch‚
773 4213 809 4266 all
827 4212 872 4267 the
891 4213 1086 4267 characteristic
1111 4215 1257 4284 propentico
1280 4213 1311 4269 ol

203 4309 278 4364 gum,
291 4291 345 4347 end
361 4292 499 4350 bhnmenz
518 4291 539 4344 it
553 4290 637 4344 burnt
648 4289 734 4344 under
774 4291 954 4345 metuis-via.
974 4308 1082 4363 copper,
1100 4292 1168 4356 iren,
1186 4291 1236 4356 tin,
1254 4291 1307 4347 end

202 4381 291 4426 water.
329 4368 733 4439 ltwesinventedbyeGreek
773 4369 842 4425 lead.

202 4451 327 4521 engineer
353 4448 384 4502 oi
410 4446 558 4517 Heliopolis
587 4447 616 4500 in
646 4445 732 4517 Syrie,
808 4447 833 4487 ⁹⁷
852 4447 1132 4518 “potentiorum'’as
1146 4446 1302 4518 opposedto

202 4528 298 4583 named
312 4527 467 4589 Callinicus,
480 4541 550 4580 on.
563 4524 625 4580 660.
774 4524 855 4580 Sheet
870 4526 1015 4598 lightning.
1052 4526 1096 4580 ct.
1109 4543 1197 4597 supra,
1213 4524 1298 4580 ll.12.

237 4605 263 4645 ⁹⁸
281 4613 299 4637 ‘⁸
310 4604 450 4676 Imperscot
463 4603 591 4666 Metals,”
604 4620 641 4657 sc.
656 4602 733 4658 those
775 4602 842 4660 lust.
852 4623 878 4676 9.
