2708 5226
215 563 279 627 110
538 561 714 630 Novum
737 561 986 630 ORGANUM.

209 733 291 796 stroe
316 723 433 796 claudi
459 725 577 811 debet,
603 750 681 820 qnae
706 727 889 819 perficitur
914 725 1029 797 tribus
1055 723 1294 818 redargutioni-

210 839 299 925 bus3
332 841 587 936 redargutione
614 842 784 913 nimirum
809 839 972 913 humano
1001 839 1151 912 ruimus
1175 839 1296 920 auton,

209 965 250 1026 et
275 956 343 1027 sibi
371 957 569 1050 permissae3
603 958 854 1053 redargutione
883 955 1235 1034 demonstrationum:
1269 959 1300 1024 et

211 1072 463 1166 redargutione
487 1070 710 1158 theodorum,
732 1075 808 1147 sive
832 1073 1147 1168 philosophiamm,
1168 1081 1209 1142 et
1230 1071 1302 1140 duo

211 1187 395 1269 trinarum,
413 1211 492 1281 quae
517 1200 669 1284 reeeptse
694 1197 789 1261 sunt.
840 1188 1062 1282 Redargutio
1085 1208 1169 1259 vero
1193 1204 1303 1256 earum

211 1303 293 1375 tulis
320 1305 402 1389 fuit,
431 1305 544 1398 qualis
573 1327 650 1378 esse
677 1307 818 1400 potuit;
850 1304 1020 1376 videlidet
1047 1326 1112 1397 per
1140 1303 1249 1397 signu,
1274 1307 1306 1372 st

211 1420 429 1492 evidentium
463 1443 669 1506 pausarum
710 1444 795 1494 oum
827 1421 1028 1493 confutatio
1059 1419 1131 1490 alia
1163 1417 1307 1489 nullas

212 1533 316 1607 nobis
336 1537 413 1628 (qui
430 1536 534 1610 etde
549 1538 740 1630 prinoipiir,
757 1537 859 1609 etde
879 1535 1253 1622 denominationibus,
1270 1533 1309 1606 ab

210 1648 289 1722 aliis
305 1651 549 1745 dissentimus)
566 1653 728 1725 adhiberi
743 1653 913 1747 potuerit.

262 1765 438 1850 Quocirca
452 1776 597 1862 tempus
619 1778 687 1855 est,
705 1778 749 1840 ut
764 1769 811 1841 ad
833 1771 946 1862 ipsam
964 1778 1080 1840 artem
1097 1777 1138 1839 et
1156 1789 1310 1839 normam

211 1884 467 1979 interpretandi
495 1897 657 1959 mustum
688 1889 894 1971 veniamus;
933 1895 1125 1958 ettamen
1154 1884 1311 1958 nonnihil

212 2009 333 2082 restat,
359 2000 453 2093 quod
483 2003 769 2095 praevertendum
795 2011 861 2075 est.
913 2001 1036 2086 Quum
1062 2000 1162 2072 enim
1187 2001 1226 2071 in
1251 2001 1312 2071 hoc

212 2117 327 2210 primo
347 2114 625 2212 aphorismorum
652 2119 743 2192 libro
769 2118 859 2190 illud
885 2119 991 2190 nob'n
1012 2118 1239 2211 propositum
1260 2119 1311 2201 sit,

212 2240 359 2304 uttam
385 2233 432 2304 ad
460 2233 746 2328 intelligendum,
771 2255 880 2326 quam
908 2233 956 2306 ad
985 2232 1235 2326 recipiendum
1263 2255 1313 2315 ea,

211 2370 293 2441 quse
324 2358 534 2442 sequnntur,
563 2359 704 2422 mentes
731 2350 919 2421 hominum
948 2357 1215 2443 praepmentur3
1256 2371 1314 2421 ex·

212 2475 364 2562 purgata
373 2466 461 2560 jam,
478 2475 517 2538 et
532 2467 665 2551 abrasa,
683 2476 722 2539 et
739 2475 877 2560 aequata
893 2468 1025 2538 mentis
1045 2487 1141 2552 ama,
1157 2470 1315 2561 sequitur

212 2593 255 2653 ut
271 2605 373 2655 mens
394 2583 537 2654 sistatur
556 2585 593 2653 in
609 2585 786 2677 positione
802 2583 905 2666 bona,
922 2591 963 2654 et
983 2590 1155 2674 tauquam
1172 2593 1314 2675 aqreatu

212 2697 396 2782 benevolo,
417 2699 462 2770 ud
487 2721 531 2770 sa
555 2721 633 2792 quae
658 2720 905 2793 proponemus.
959 2697 1068 2769 Valet
1092 2700 1191 2768 enim
1217 2698 1255 2769 in
1279 2721 1314 2769 re

213 2837 304 2886 nova
329 2815 376 2887 ad
406 2816 659 2910 praejudicium,
686 2839 758 2887 uon
785 2815 900 2888 solum
927 2816 1189 2908 prmooeupatio
1219 2816 1314 2887 fortis

211 2931 387 3023 opinionis
415 2932 555 3013 veteris,
586 2933 649 3003 sed
679 2941 717 3003 et
751 2932 941 3026 praeoeptio
974 2932 1048 3002 sive
1081 2931 1314 3026 praefiguratio

214 3045 302 3117 falsa
324 3047 385 3130 rei,
409 3069 488 3138 quae
510 3046 665 3118 affertur.
718 3047 847 3140 Itaque
870 3046 1079 3118 conabimur
1101 3046 1255 3131 efficere,
1277 3056 1315 3118 ut

213 3161 411 3232 habeantur
427 3161 528 3233 bonu
548 3170 587 3234 et
604 3186 707 3247 νοτε,
724 3164 771 3234 de
788 3163 831 3233 iis
847 3186 926 3255 quoe
941 3162 1166 3246 adducimus,
1185 3164 1315 3256 opinio·

213 3300 289 3362 nes,
307 3277 393 3349 lieet
417 3277 460 3348 ud
488 3286 631 3370 tempus
656 3279 916 3363 tantummodo,
934 3287 974 3350 et
999 3288 1171 3370 tanquam
1198 3300 1314 3350 usura·

215 3395 285 3479 rioe,
303 3395 417 3467 donec
434 3417 491 3465 res
507 3395 585 3487 ipsa
600 3404 839 3488 pernoscatur.

690 3559 832 3634 cxvl.

265 3677 386 3748 Primo
408 3679 532 3770 itaque
554 3677 808 3771 postulandum
831 3673 1016 3759 ridetnr⁴⁷‚
1038 3697 1084 3745 ns
1108 3676 1316 3747 existiment

214 3793 385 3877 homiues,
412 3815 486 3876 nos,
512 3816 611 3864 more
639 3795 866 3885 antiquorum
893 3788 1112 3874 Graecorum,
1138 3800 1204 3862 ant
1233 3813 1316 3884 qno-

214 3908 366 3980 rundam
383 3931 557 3980 uovorum
573 3909 768 3993 hominnm,
782 3907 923 3991 Telesii,
938 3903 1094 3989 Petrieii,
1113 3902 1315 3989 seranni&

248 4124 275 4166 ⁴⁷
289 4124 558 4197 Tumpmparatory
569 4127 745 4182 rsmurksam
786 4125 887 4182 Rerum
913 4126 991 4199 juxta
1019 4124 1127 4195 propria
1157 4123 1314 4195 Principis!

212 4202 314 4258 akind
332 4203 363 4258 oi
380 4204 504 4274 διαβολῆς
523 4203 745 4268 timidulus
786 4201 1315 4277 Hisaystmnwaathatoithenntsgan-

212 4299 286 4354 away
307 4281 454 4353 projudices
475 4281 530 4336 und
547 4282 693 4355 objections
715 4301 744 4339 a·
785 4284 839 4339 iam
858 4283 890 4338 oi
909 4292 963 4338 two
983 4282 1147 4352 meoeporal
1165 4282 1315 4353 ptinciphs,

212 4361 302 4433 guinst
313 4359 360 4415 tiro
370 4378 429 4415 usur
440 4360 559 4416 msthod.
787 4361 859 4418 fluat
875 4361 929 4417 and
946 4359 1027 4425 eald,
1044 4359 1197 4431 struggung
1214 4359 1257 4414 ius
1272 4357 1315 4414 ue

247 4438 744 4496 summasunmn-
785 4439 926 4496 dominiou
952 4437 1152 4494 osmathird
1180 4438 1314 4509 principis,

212 4516 663 4590 tissoiCossmbominrsop.
700 4518 745 4574 Ha
784 4515 1314 4589 vmpuuvemuumfflsvimm

213 4595 358 4668 publishod
381 4596 523 4653 amentius
546 4596 617 4653 “De
641 4597 745 4654 Natum
784 4605 834 4653 not
856 4597 949 4652 uulika
976 4595 1055 4651 those
1079 4594 1111 4650 oi
1136 4592 1313 4650 Pur-nid·-
