2708 5226
546 565 636 632 LIB.
651 567 680 632 1.
696 569 750 632 66.
1163 567 1207 634 47

101 731 225 802 euira.
280 725 408 822 Atque
429 731 545 824 prima
569 733 739 826 cogitatio
762 731 953 824 qualitates
977 732 1108 824 primas
1131 731 1205 806 ale-

101 853 289 928 ueutares,
305 844 461 915 secunda
476 848 715 939 proprietates
731 845 888 918 occultas
904 856 943 919 et
959 848 1109 919 virtutes
1126 871 1205 941 spa-

101 960 225 1043 incas,
255 960 360 1032 uobis
392 963 556 1054 peperit;
599 984 748 1054 quarum
782 971 934 1055 utraque
967 965 1124 1056 partinet
1156 963 1204 1034 ad

101 1076 225 1149 nania.
240 1075 585 1170 contemplationum
615 1077 836 1171 compendia
862 1079 899 1147 in
927 1078 1057 1169 quibus
1085 1081 1206 1171 acqui·

102 1194 183 1265 scit
207 1195 362 1274 animus,
386 1203 425 1265 et
450 1216 472 1265 a
496 1192 721 1265 solidioribus
745 1195 929 1265 avertitur.
979 1189 1036 1263 At
1059 1194 1204 1279 medici,

102 1332 123 1379 n
145 1307 324 1382 mundis
344 1331 464 1380 rarum
486 1309 719 1402 qualitatibus
744 1319 782 1380 et
804 1309 1077 1404 operationibus
1094 1318 1205 1381 attra-

102 1424 216 1508 iendi,
244 1423 453 1517 repellendi,
481 1425 705 1508 attenuandi,
732 1426 941 1518 inspissaudi
955 1421 993 1508 ¹⁹,
1019 1424 1204 1510 dilatandi,

102 1539 328 1634 stringendi,
345 1540 571 1624 discutiendi,
593 1542 805 1625 maturandi,
827 1550 866 1614 et
889 1541 1104 1637 hujusmodi,
1121 1564 1205 1635 ope-

102 1678 172 1729 am
201 1665 373 1749 praestant
401 1657 609 1744 meliorem
648 1667 765 1751 atque,
792 1659 861 1729 uisi
891 1680 939 1730 ax
968 1657 1039 1729 illis
1065 1658 1205 1729 duobus

102 1795 191 1865 quae
216 1771 310 1864 dixi)
333 1774 553 1866 compendiis
577 1773 823 1867 (qualitatibus
848 1775 985 1846 scilieet
1009 1774 1205 1847 elementa·

102 1888 205 1971 ibus,
236 1897 277 1960 et
307 1889 499 1960 virtutibus
532 1891 717 1983 specificis)
749 1890 811 1961 illa
841 1890 955 1961 altera
983 1889 1076 1984 (quae
1104 1899 1205 1963 recte

102 2012 224 2079 ronta
250 2004 350 2094 sunt)
376 2013 653 2098 corrumperent,
678 2007 883 2079 reducendo
913 2006 975 2077 illa
1001 2008 1047 2078 ad
1074 2009 1204 2100 primas

103 2117 302 2213 pualitates,
318 2142 512 2214 earumque
531 2123 705 2193 mixturas
722 2122 872 2194 subtiles
889 2132 928 2194 at
943 2125 1205 2194 incommensu-

103 2235 248 2323 ubiles;
277 2244 343 2307 ant
366 2259 409 2308 aa
433 2259 506 2307 nen
532 2238 769 2330 producendo,
792 2261 875 2309 cum
899 2239 1035 2329 majore
1060 2247 1099 2309 et
1123 2238 1204 2309 dili·

103 2354 262 2448 pontiore
284 2352 539 2437 observatione,
559 2354 605 2424 ad
628 2354 818 2447 qualitates
841 2355 964 2425 tertias
990 2363 1029 2425 at
1050 2363 1204 2446 quartas,

103 2470 160 2541 ted
190 2467 533 2561 contemplationem
563 2471 815 2563 intempestive
846 2469 1111 2562 abrumpaud0;
1152 2467 1204 2541 illi

103 2584 216 2657 multo
238 2584 367 2656 melius
388 2586 632 2680 profecissent.
684 2586 816 2679 Neque
833 2586 1036 2679 hujusmodi
1052 2587 1205 2659 virtutes

103 2704 189 2795 {uon
204 2700 288 2772 dico
303 2702 447 2784 eadem,
461 2702 523 2772 sed
541 2701 688 2789 similes)
703 2704 739 2772 in
756 2703 903 2775 humani
920 2704 1075 2795 corporis
1091 2703 1205 2773 medi·

103 2818 189 2889 ciuis
206 2825 349 2888 tuntum
366 2817 593 2910 exquirendae
610 2829 711 2906 suut;
733 2820 793 2890 sed
812 2821 922 2891 etiam
940 2821 977 2888 iu
994 2827 1202 2889 caeterorum

103 2956 289 3027 corporum
305 2932 522 3004 naturalium
539 2934 807 3006 mutationibus.

150 3048 226 3121 Sed
255 3047 372 3121 multo
399 3050 516 3120 adhuc
542 3050 675 3142 majore
701 3073 782 3121 cum
811 3049 905 3122 malo
929 3051 981 3133 fit,
1008 3051 1103 3142 quod
1129 3052 1205 3142 qui·

103 3167 261 3239 essentia
273 3189 393 3237 rerum
410 3167 592 3259 principia,
610 3189 654 3236 en
672 3165 843 3262 quinam
869 3176 909 3237 et
925 3188 996 3238 non
1013 3169 1206 3249 moventia,

104 3305 164 3376 per
190 3306 270 3378 quoe
296 3305 353 3353 rea
380 3281 484 3366 fiunt,
509 3283 798 3376 contemplentur
828 3294 867 3355 et
897 3284 1086 3374 inquirant.
1139 3281 1207 3352 Illa

104 3399 205 3470 euim
228 3399 276 3470 ad
306 3420 494 3482 sermones,
525 3400 594 3470 ista
622 3400 665 3469 ad
697 3421 805 3491 opera
839 3406 1011 3490 spectant.
1074 3395 1206 3490 Neque

104 3515 201 3586 euim
222 3514 386 3608 vulgares
410 3514 480 3584 illae
506 3513 713 3586 differentiae
738 3522 867 3596 motus,
885 3535 963 3604 quae
988 3513 1025 3582 iu
1053 3511 1206 3583 naturali

104 3630 327 3726 philosophia
342 3640 488 3724 recepta
503 3639 684 3713 notantur,
699 3627 943 3728 pencrationis,
961 3629 1206 3724 ampliauit,

104 3746 401 3847 augmentatam,
424 3744 675 3828 diminutionis
702 3743 928 3830 munionis,
954 3754 993 3816 et
1017 3741 1159 3816 lationis
1167 3742 1208 3829 ²¹,

139 3955 166 3999 ¹⁹
179 3954 523 4028 laspinndistcudsovar
531 3954 636 4026 against
677 3954 769 4009 within
786 3971 838 4009 our
854 3952 942 4008 resch.
980 3951 1039 4007 'lbe
1058 3953 1144 4016 latter,
1163 3952 1210 4007 tha

105 4033 635 4106 &amarit-meaningbaweon·
676 4033 786 4104 mering
797 4049 909 4103 ροινοιι,
922 4031 1084 4102 conaspond
1096 4040 1126 4086 to
1136 4030 1210 4086 what

105 4114 275 4172 ἀπύω
314 4113 341 4168 lt
358 4112 423 4168 doce
441 4121 490 4168 not
507 4130 589 4167 occur
607 4113 636 4166 in
678 4112 770 4168 bacon
793 4112 935 4166 obsanare
956 4119 1039 4166 term·
1061 4113 1080 4139 ‘⁴
1092 4109 1209 4175 medin?

105 4194 307 4252 isunnam.
676 4187 1208 4262 wbicbbesaysarasomucbueg·

137 4273 164 4315 θ)
177 4273 227 4330 na
240 4272 344 4344 qil-u,
359 4270 507 4342 thaprims
523 4271 638 4342 integral
676 4267 771 4324 lectsd.
807 4268 851 4324 ct.
871 4267 986 4338 Plnyiuir
1010 4267 1119 4338 Eucyel.
1139 4265 1210 4321 Brit.

106 4354 231 4411 haute
249 4351 282 4407 ol
296 4350 399 4421 things
437 4349 490 4404 Per
508 4368 573 4421 pu,
591 4350 638 4405 tha
678 4349 730 4403 vol
742 4347 764 4402 l.
778 4347 851 4402 Dias.
861 4364 900 4400 ιιι
911 4363 939 4416 p.
948 4359 1011 4416 450.

107 4430 254 4497 ffifl‘ents,
263 4446 359 4486 mutes
373 4430 404 4484 ol
415 4427 576 4500 productiori
587 4429 637 4485 &c
712 4425 737 4467 21
755 4425 844 4480 These
855 4443 899 4480 ars
908 4423 1062 4479 Aristotle’s
1074 4421 1116 4476 six
1127 4419 1210 4475 kinds

106 4509 162 4570 'llis
183 4512 297 4574 former,
321 4508 460 4564 &monui
485 4508 637 4579 principles,
678 4506 709 4561 ol
719 4504 832 4573 ulmeta.
860 4500 981 4557 Ar.0at.
994 4501 1031 4556 xi.
1045 4516 1070 4554 1.
1086 4496 1211 4566 κινήσιος

108 4607 148 4648 ιιι
162 4587 381 4659 sitboecut'ucly
399 4587 525 4644 fictitium
542 4604 574 4642 or
591 4595 638 4642 not
678 4583 734 4652 cibo
761 4581 801 4654 ἒξ,
829 4580 940 4653 γένεσις,
967 4579 1066 4651 φθορὰ,
1092 4575 1211 4643 dinuo,
