2708 5226
217 580 280 643 lto
545 580 720 646 NOVUM
743 581 992 646 ORGANUM.

215 768 254 816 se
279 746 355 837 ipsa
379 747 494 838 magis
519 746 629 839 digna
653 755 720 825 est,
747 768 854 837 quam
880 746 1068 817 universus
1093 746 1309 816 inventorum

217 862 365 932 fruetus.

267 975 464 1061 Postremo,
489 979 598 1069 siquis
625 979 916 1072 depravationem
940 978 1174 1048 scientiarum
1204 985 1242 1048 et
1268 1000 1312 1046 ar·

216 1095 308 1164 tium
324 1094 371 1164 ad
394 1093 569 1164 malitiam
590 1102 629 1164 et
644 1094 833 1177 luxuriam,
852 1102 891 1164 et
907 1092 1046 1176 similia,
1065 1093 1259 1186 objecerit3
1280 1093 1310 1162 id

217 1212 398 1279 neminem
415 1206 602 1281 moveat⁸¹.
654 1208 750 1279 iliud
768 1211 866 1280 enim
884 1210 929 1280 de
950 1209 1119 1280 omnibns
1136 1209 1314 1279 mundanis

216 1325 318 1395 bonis
345 1325 416 1395 diei
446 1333 576 1417 potest,
602 1325 755 1418 ingenio,
782 1323 1002 1406 fortitudine,
1027 1324 1176 1407 viribus,
1201 1324 1313 1406 forma,

217 1441 360 1524 divitiis,
377 1440 459 1511 luoe
484 1441 569 1533 ipsa,
587 1448 626 1511 et
648 1439 802 1531 reliquis.
855 1438 1061 1531 Recuperet
1083 1440 1195 1510 modo
1214 1460 1315 1533 genus

219 1558 417 1628 humanum
428 1556 491 1647 jus
513 1578 617 1626 sunm
640 1557 678 1626 in
698 1564 873 1639 naturam,
891 1555 987 1648 quod
1010 1556 1045 1626 ei
1068 1577 1118 1626 ex
1142 1555 1315 1626 dotatione

218 1673 339 1743 divina
364 1673 560 1765 eompetit3
587 1681 626 1743 et
651 1673 758 1743 detur
780 1673 813 1744 ei
840 1673 961 1764 eopia:
988 1693 1094 1743 usum
1119 1695 1205 1744 rero
1229 1681 1316 1742 reeta

219 1789 309 1858 ratio
327 1798 365 1859 et
382 1811 467 1859 sana
484 1787 609 1882 religio
624 1787 849 1883 gnbemabit.

269 2048 352 2120 Jam
369 2071 454 2120 vero
477 2059 617 2143 tempus
643 1949 906 2136 mgdtxa'dtem
929 2051 1042 2143 ipsam
1070 2046 1317 2145 interpretandi

219 2177 381 2236 naturam
408 2187 668 2258 proponamus:
710 2169 748 2238 in
774 2190 845 2258 qua
868 2165 955 2237 licet
980 2188 1045 2236 nos
1072 2160 1262 2237 utilissima
1284 2175 1317 2234 et

220 2282 403 2353 verissima
432 2284 643 2374 praecepisae
672 2282 896 2364 arbitremur,
922 2291 1042 2352 tamen
1073 2282 1316 2353 necessitatem

221 2399 254 2467 ei
271 2395 468 2467 absolutam
488 2395 545 2488 (ao
568 2397 598 2466 si
619 2398 752 2490 absque
774 2420 817 2468 ea
832 2397 882 2467 nil
907 2397 964 2489 αρ’
989 2396 1118 2489 possit)
1137 2397 1317 2467 autetiam

220 2512 476 2604 perfectionem
494 2535 567 2581 non
585 2514 824 2583 attribuimus.
877 2510 1023 2581 Etenim
1040 2513 1078 2581 in
1096 2534 1140 2582 ea
1161 2513 1318 2604 opinione

221 2650 365 2711 sumns;
404 2629 431 2698 si
463 2630 598 2721 justam
634 2639 767 2699 naturae
803 2638 841 2700 et
877 2629 1107 2720 experientia
1142 2627 1317 2699 historiam

222 2753 348 2835 praesto
371 2742 545 2814 haberent
561 2744 733 2828 homines,
750 2754 858 2836 atque
881 2745 919 2813 iu
938 2766 980 2812 ea
1003 2741 1129 2813 sedulo
1146 2766 1316 2814 versaren-

222 2868 300 2940 tur:
328 2857 462 2948 sibique
486 2857 574 2927 duaa
598 2881 652 2929 res
677 2861 850 2951 imperare
873 2867 1039 2951 possent:
1067 2880 1187 2942 unam,
1206 2866 1247 2928 ut
1270 2881 1318 2927 re·

222 2983 343 3066 ceptae
369 2973 551 3065 opiniones
578 2982 615 3043 et
640 2975 802 3046 notiones
828 2975 1072 3066 deponerent;
1103 2972 1265 3056 aiteram,
1282 2981 1317 3042 ut

223 3101 381 3163 mentem
399 3116 421 3162 a
436 3091 708 3186 generalissimis
726 3102 764 3162 et
781 3093 950 3185 proximis
967 3092 1013 3161 ab
1031 3090 1100 3162 iliis
1120 3093 1166 3162 ad
1185 3101 1318 3185 tempus

224 3208 450 3292 cohiberent:
473 3208 547 3278 fore
565 3217 606 3277 ut
624 3209 733 3279 etiam
749 3209 784 3277 vi
802 3210 942 3301 propria
959 3216 997 3278 et
1013 3209 1170 3300 genuina
1186 3209 1317 3286 mentis,

223 3326 356 3416 absque
373 3324 443 3394 alia
460 3335 546 3405 arte,
565 3324 602 3393 in
620 3325 769 3395 formam
787 3333 945 3394 nostram
964 3322 1219 3416 interpretandi
1240 3323 1319 3392 inei·

224 3441 308 3510 dere
333 3449 487 3531 possent.
546 3437 612 3509 Est
635 3441 729 3510 enim
754 3438 992 3533 interpretatio
1012 3461 1136 3509 verum
1162 3448 1200 3508 et
1223 3448 1318 3508 natu·

224 3555 297 3627 rale
321 3579 408 3649 opus
429 3557 573 3639 mentis,
591 3557 744 3649 demptis
761 3557 813 3639 iis,
832 3579 913 3648 quae
936 3555 1098 3627 obstant:
1126 3555 1188 3624 sed
1207 3565 1317 3625 tamen

225 3673 346 3742 omnia
371 3682 468 3742 certe
495 3696 558 3765 per
580 3682 701 3743 nostra
724 3678 898 3765 proeeepta
921 3680 1027 3740 erunt
1053 3672 1165 3763 magis
1188 3671 1225 3741 in
1250 3693 1320 3763 pro

225 3787 356 3868 cinctu,
374 3797 412 3857 et
430 3787 544 3859 multo
561 3788 724 3858 firmiora.

279 3901 410 3994 Neque
427 3913 548 3973 tamen
565 3903 635 3974 illis
658 3903 746 3973 nibil
769 3902 853 3972 addi
877 3925 979 3993 posse
1002 3902 1238 3973 affirmamus:
1264 3901 1318 3972 sed

225 4026 358 4098 eontra,
378 4041 450 4100 nos,
469 4021 529 4108 qui
554 4028 711 4089 mentem
736 4019 953 4110 respicimus,
972 4041 1041 4086 non
1062 4026 1203 4087 tantum
1222 4020 1258 4088 in
1277 4019 1322 4086 ia·

228 4134 362 4205 cultate
378 4135 527 4226 propria,
545 4136 606 4205 sed
625 4144 801 4227 quatenus
825 4133 1013 4225 copulatur
1031 4156 1113 4203 eum
1141 4135 1257 4218 rebus,
1275 4156 1323 4204 ar·

263 4372 286 4411 ⁸¹
306 4372 414 4428 Thisis
438 4372 483 4426 the
500 4372 624 4444 ordinary
642 4372 761 4442 topicos
799 4371 898 4443 τάγαθὰ
922 4371 964 4426 td
987 4374 1018 4427 τὸ
1042 4375 1155 4429 πολλοῖς·
1179 4374 1323 4442 συμβαίνειν

228 4453 264 4506 all
297 4453 425 4506 eaviliers.
480 4454 518 4505 As
552 4452 679 4506 Aristode
709 4450 758 4504 has
798 4451 903 4514 mesae
925 4449 969 4504 ἀπ’
993 4451 1084 4506 αὐτῶν·
1118 4452 1167 4521 ἤδη
1189 4454 1241 4524 γάρ
1263 4471 1322 4506 rme

229 4528 335 4585 noticed
358 4530 389 4584 os
409 4530 438 4593 it,
470 4529 533 4584 Eth.
553 4528 613 4584 Nic.
637 4530 660 4584 Ι.
678 4530 714 4584 iii.
731 4545 757 4600 3.
798 4528 934 4583 ἀπώλοντο
954 4528 996 4583 διὸ
1012 4533 1136 4594 πλοῦτον,
1148 4530 1232 4600 impos
1249 4531 1277 4584 tr·
1292 4525 1321 4582 δι’

228 4608 352 4677 Τοιαύτην
375 4607 403 4663 δι’
427 4630 482 4664 τινα
510 4609 610 4675 πλάνην
633 4609 687 4678 ἔχει
717 4608 757 4662 καὶ
798 4607 925 4677 ἀνδρείαν.
