2708 5226
124 537 192 602 314
454 529 628 598 NOVUM
650 528 901 599 ORGANUM.

126 699 274 795 pondus,
296 698 506 772 succumbit.
558 698 703 770 Corium
729 705 876 768 tensum
900 695 948 768 nd
975 702 1159 768 tousunm
1180 702 1225 767 tu·

126 816 198 889 lem
224 839 296 887 non
316 816 517 908 rumpitur;
542 837 586 888 oo
608 836 721 907 usquc
747 812 957 884 dominatur
980 818 1106 883 motus
1129 810 1226 882 conti·

126 931 305 1005 soumis
321 954 427 1024 super
442 939 584 1002 motum
600 935 772 1009 tearum
792 928 890 1022 quod
907 927 939 998 si
956 925 1113 999 ulterior
1127 927 1225 998 luerit

127 1057 281 1133 tonsura
298 1047 476 1142 rumpitur
494 1047 640 1127 corium,
658 1054 696 1117 et
712 1043 916 1119 succumbit
938 1052 1064 1116 motus
1079 1044 1226 1116 musso

127 1164 268 1239 otiosis
317 1162 428 1256 Aqua
456 1185 520 1255 per
549 1161 675 1232 rimam
704 1160 957 1255 perforationis
986 1159 1073 1231 talis
1097 1159 1225 1242 effluit3

127 1303 172 1354 eo
213 1301 326 1372 rusque
367 1277 571 1350 dominatur
612 1282 731 1347 motru
770 1271 1050 1370 congregatim
1093 1272 1225 1367 mpod

128 1418 234 1489 super
266 1401 408 1465 motum
441 1389 734 1471 matinantionis3
776 1390 873 1484 quod
908 1390 939 1461 si
971 1390 1095 1463 minor
1126 1390 1226 1461 fuerit

127 1513 227 1595 rimu,
253 1509 475 1591 succumbit3
509 1516 548 1580 et
571 1506 683 1579 vincit
706 1514 826 1578 motus
850 1504 1138 1579 massanum.
1185 1505 1226 1577 In

127 1627 273 1719 pulvere
289 1624 466 1719 sulphuris
481 1622 590 1695 solius
605 1622 755 1695 immissi
774 1623 813 1693 in
829 1620 1033 1715 solopetum
1050 1645 1135 1694 oum
1151 1620 1227 1715 pila

127 1752 167 1813 et
188 1743 333 1815 ndmoto
358 1740 453 1834 igne.
470 1762 542 1811 nou
558 1740 738 1812 emittitur
756 1736 849 1834 pila;
874 1739 913 1810 in
935 1761 983 1811 eo
1007 1750 1131 1813 motus
1154 1762 1227 1810 ooa-

123 1855 336 1958 grcgutiom'e
352 1855 495 1951 mry'osr'r
512 1856 623 1928 vincit
637 1863 784 1959 ‘motum
800 1851 908 1949 hylo.
959 1853 1016 1927 At
1031 1856 1072 1928 iu
1088 1855 1226 1949 pulvere

128 1976 230 2069 pyrio
251 1972 408 2044 immisso
425 1973 537 2047 vincit
552 1980 673 2044 motus
695 1967 791 2066 hylas
812 1970 850 2041 ln
866 1969 1066 2064 sulphura
1092 1971 1227 2064 adjutus

128 2089 285 2161 motibus
313 2085 409 2184 tyto
437 2096 477 2161 ot
493 2085 602 2185 fugo
628 2090 666 2161 iu
692 2089 799 2161 nitro.
855 2085 907 2158 Et
936 2088 989 2159 sio
1011 2089 1064 2160 de
1088 2089 1227 2160 semia

128 2203 279 2279 Etenim
296 2202 473 2277 intumis
495 2200 595 2274 lusus
612 2206 705 2297 (quae
727 2203 888 2277 iudicant
901 2202 1227 2298 prodomr‘ouaticu

128 2322 314 2405 viantum.
332 2329 370 2393 et
391 2320 589 2393 secondum
612 2342 700 2413 quas
724 2321 880 2393 rationes
902 2331 943 2392 et
966 2320 1126 2394 mlcrrlos
1151 2345 1230 2415 pra·

129 2439 359 2510 dominentur
386 2445 426 2511 et
454 2436 703 2528 succumbant)
730 2436 803 2510 auri
828 2444 868 2510 et
893 2436 1023 2509 sedula
1048 2438 1230 2534 diligentia

130 2557 289 2647 undique
305 2563 389 2625 suut
404 2553 666 2646 conquirendae.

182 2670 304 2742 Etiam
334 2671 431 2741 modi
467 2671 689 2742 strutiones
719 2670 827 2763 ipsius
855 2672 1138 2745 succumbentiae
1162 2697 1231 2744 mo·

132 2795 237 2858 tuum
258 2786 450 2880 diligenter
472 2797 555 2857 sunt
575 2786 866 2879 introspiciendus.
922 2787 1079 2881 Nempe,
1095 2813 1143 2860 an
1163 2814 1231 2860 om-

130 2906 216 2973 nino
241 2911 393 2987 cessent,
415 2902 472 2974 vel
497 2904 616 2994 potius
641 2925 755 2994 usquo
780 2903 951 2988 nitantur,
975 2906 1038 2977 sed
1070 2905 1230 3001 ligentur.

132 3018 279 3090 Etenim
312 3019 348 3087 in
384 3019 588 3111 corporibus
622 3018 681 3090 hic
713 3019 809 3112 apud
843 3042 910 3090 nos
938 3021 1040 3092 nulla
1065 3045 1152 3095 vera
1183 3032 1231 3093 cst

131 3134 241 3226 quies,
259 3157 326 3206 uec
348 3135 385 3204 in
403 3136 559 3228 integris,
576 3158 644 3207 uec
669 3135 707 3205 in
729 3134 910 3228 partibus;
936 3138 1000 3208 sed
1024 3149 1168 3210 tantum
1185 3164 1232 3211 se·

131 3251 290 3324 cundum
323 3254 577 3345 apparentiam.
642 3251 753 3336 Quies
789 3260 913 3322 autem
947 3254 1017 3325 ista
1054 3278 1232 3349 apparens,

133 3376 297 3439 causatur
313 3379 376 3437 aut
399 3389 463 3459 per
479 3363 710 3462 ‹equilibrium
726 3391 738 3446 ,·
763 3374 826 3438 aut
841 3390 907 3460 per
928 3370 1132 3442 absolutam
1144 3397 1232 3468 prer-

133 3482 384 3555 domiountium
410 3492 585 3559 motuum.
639 3482 710 3556 Per
730 3481 980 3579 aequilibrium,
998 3497 1040 3558 ut
1063 3490 1102 3558 in
1127 3489 1233 3561 bilan-

132 3599 243 3685 cibus,
261 3623 339 3692 quae
355 3608 461 3682 stant,
479 3601 508 3670 si
528 3622 629 3692 aequa
651 3602 723 3671 siut
739 3603 906 3695 pondere.
959 3602 1033 3674 Per
1047 3605 1234 3699 proedomi·

133 3718 301 3801 nuntium,
319 3728 361 3788 ut
383 3720 421 3789 in
444 3717 577 3812 hydriis
602 3717 796 3809 perforatis,
814 3717 876 3788 ubi
899 3719 1054 3810 quiescit
1077 3745 1180 3816 aqua,
1200 3730 1233 3794 et

133 3832 316 3904 detinetur
334 3856 355 3904 a
373 3835 501 3904 deoasu
519 3857 583 3927 per
600 3832 933 3928 proedominootiom
957 3845 1078 3909 motus
1100 3838 1233 3911 aaut

135 3944 350 4017 Notandum
373 3957 496 4020 tamen
521 3959 576 4021 est
598 3953 654 4040 (ut
680 3949 849 4042 diximus)
874 3959 1053 4042 quatenus
1080 3955 1236 4026 nitantur

134 4070 254 4132 motus
276 4061 330 4133 illi
355 4064 638 4136 succumbentes.
691 4065 837 4139 Etenim
858 4066 887 4136 si
912 4068 993 4160 quis
1019 4091 1083 4161 per
1107 4069 1236 4142 luctum

135 4179 338 4250 detineatur
359 4190 528 4253 extensus
554 4183 591 4251 in
614 4191 720 4266 terra,
738 4182 888 4253 brachiis
914 4191 954 4255 et
979 4184 1080 4257 tibiis
1105 4188 1236 4269 vinctis,

135 4306 199 4369 eut
221 4299 325 4369 aliter
346 4299 526 4383 detentis3
550 4308 659 4394 utque
680 4300 741 4372 ille
766 4308 887 4372 tamcu
915 4301 1004 4373 totis
1030 4303 1165 4377 viribus
1188 4327 1238 4375 re·

171 4493 184 4532 ⁴
204 4493 275 4548 Here
293 4495 370 4565 again
384 4495 475 4552 Bacon
487 4514 540 4552 wua
557 4497 586 4552 iu
599 4506 669 4552 want
685 4496 716 4552 ol
730 4495 776 4552 the
793 4494 951 4568 knowledge
966 4497 999 4553 ol
1013 4498 1060 4555 the
1078 4517 1201 4573 praem
1213 4496 1240 4553 ol

136 4569 182 4624 the
193 4570 380 4642 Atmosphere.
