2708 5226
214 567 279 630 136
538 570 713 635 NOVUM
735 569 984 635 ORGANUM.

213 755 359 825 corpora
383 734 576 816 individua,
603 735 747 805 edentia
772 745 875 806 actus
901 757 1009 828 puros
1039 733 1241 804 individuos
1265 756 1302 804 ex

213 849 313 943 lege3
339 851 377 919 iu
394 850 564 921 doctrinis
580 861 712 935 tamen,
730 850 792 921 illa
808 851 884 945 ipsa
907 850 977 934 lex,
995 851 1147 943 ejusque
1172 851 1304 942 inquisi-

212 965 273 1048 tio,
292 975 330 1036 et
355 966 524 1048 inventio,
548 976 656 1059 atquo
682 968 884 1060 explicatio,
909 989 972 1058 pro
998 966 1235 1036 fundamento
1258 973 1304 1036 est

213 1089 288 1150 tam
312 1081 358 1151 ad
384 1082 581 1165 sciendum,
600 1106 704 1173 quam
726 1083 1022 1175 adoperandum.
1074 1079 1169 1152 Eam
1193 1090 1304 1152 autem

212 1195 326 1293 legem,
343 1198 490 1288 ejusque
500 1195 789 1293 paraproplosd,
808 1198 1002 1268 formarum
1018 1197 1169 1267 nomine
1185 1196 1305 1268 intelli·

211 1313 349 1405 gimus;
380 1314 572 1404 praesertim
601 1335 683 1382 cum
714 1313 782 1384 hoc
809 1312 1021 1384 vocabulum
1048 1311 1252 1395 invaluerit,
1273 1322 1305 1382 et

212 1428 432 1498 familiariter
450 1436 623 1498 occurrat.

728 1542 800 1614 111.

262 1658 333 1741 Qui
363 1680 505 1729 causam
535 1657 684 1750 alicujus
713 1666 851 1727 naturae
881 1655 1008 1745 (veluti
1038 1656 1228 1744 albedinis,
1251 1665 1305 1727 ant

212 1772 350 1863 caloris)
367 1774 403 1841 in
422 1775 528 1844 certis
551 1783 692 1845 tautum
716 1774 884 1866 subjectis
909 1774 1032 1858 novit3
1060 1774 1140 1866 ejus
1164 1776 1305 1846 scientia

211 1888 419 1979 imperfecta
445 1898 520 1959 est:
548 1892 671 1981 etqui
699 1890 868 1961 effectum
895 1913 1001 1982 super
1027 1899 1146 1961 certas
1173 1899 1304 1961 tentum

210 2004 377 2073 materias
409 2005 611 2089 (intereas,
640 2029 717 2098 qnae
747 2014 831 2076 sunt
857 2005 1120 2099 susceptibiles)
1146 2007 1303 2077 inducere

210 2128 350 2212 potest;
378 2121 456 2212 ejus
473 2123 637 2212 potentia
652 2123 786 2214 pariter
802 2122 1012 2213 imperfecta
1029 2118 1132 2193 estu.
1184 2121 1302 2214 Atqui

211 2235 426 2306 efficientem
450 2245 489 2306 et
514 2236 735 2308 materialem
759 2259 900 2307 causam
925 2237 1178 2308 tantummodo
1203 2239 1301 2320 novit,

211 2352 303 2443 (quae
320 2373 433 2422 causae
449 2351 555 2421 lluxae
571 2365 666 2434 suut,
683 2362 722 2422 et
738 2351 827 2421 nihil
844 2350 952 2434 aliud,
965 2375 1073 2442 quam
1090 2352 1254 2424 vehicula
1271 2362 1302 2424 et

210 2491 321 2538 causae
339 2467 489 2537 formam
508 2467 709 2538 deferentes
733 2468 770 2537 in
796 2467 989 2558 aliquibus)
1019 2468 1049 2538 is
1073 2467 1121 2537 ad
1146 2491 1238 2540 nova
1258 2470 1301 2538 in-

210 2593 326 2665 venta,
345 2585 381 2652 in
401 2585 549 2653 materia
572 2583 796 2675 aliquatenus
821 2583 939 2664 simili,
957 2593 995 2654 et
1013 2594 1217 2676 praeparata,
1234 2609 1301 2678 per-

210 2700 329 2768 venire
347 2707 489 2790 potest;
511 2699 573 2768 sed
592 2721 708 2767 rernm
728 2700 898 2769 terminos
915 2698 1021 2769 altius
1038 2700 1131 2770 fixos
1148 2723 1220 2771 non
1237 2723 1301 2769 mo

209 2824 279 2884 vet.
325 2813 454 2905 Atqui
475 2814 603 2884 formas
621 2815 731 2894 novit,
750 2816 779 2884 is
796 2825 931 2885 naturae
948 2817 1125 2886 unitatem
1144 2818 1182 2887 in
1201 2826 1301 2887 mate

208 2931 269 2999 riis
287 2928 529 2999 dissimillimis
551 2929 820 3021 complectitur;
846 2932 966 3022 itaque
985 2954 1064 3024 quae
1081 2931 1200 3002 adhuc
1217 2933 1301 3003 facta

208 3068 281 3114 non
309 3055 402 3127 sunt,
420 3046 538 3135 qualia
563 3069 628 3115 neo
655 3055 793 3115 nsturae
816 3045 1087 3128 vicissitudines,
1105 3070 1223 3139 neque
1247 3072 1301 3120 ex·

210 3158 458 3251 perimeutales
476 3159 667 3240 industriae,
686 3183 803 3250 neque
822 3183 921 3231 casus
938 3163 1023 3253 ipse,
1042 3163 1079 3231 in
1103 3172 1226 3234 actum
1246 3187 1302 3234 un-

208 3298 316 3366 quam
334 3275 589 3366 perduxissent,
609 3298 725 3367 neque
743 3277 997 3368 cogitationem
1015 3276 1211 3348 humanam
1231 3280 1304 3350 sub

208 3392 302 3461 itura
327 3392 488 3474 fuissent,
521 3390 689 3485 detegere
718 3400 755 3462 et
786 3393 980 3483 producere
1011 3403 1140 3485 potest.
1194 3396 1304 3479 Quare

209 3532 255 3579 ox
274 3510 465 3578 formarum
484 3508 690 3579 inventione
713 3509 872 3600 sequitur
889 3509 1146 3602 contemplatio
1165 3536 1255 3595 vera,
1272 3521 1304 3583 et

209 3626 367 3716 operatio
386 3621 539 3694 libera¹².

210 3811 342 3882 evidently
351 3810 542 3882 distinguishes
554 3811 672 3866 between
682 3813 739 3864 Nc·
781 3810 814 3865 be
826 3811 871 3867 the
884 3831 956 3867 same
968 3812 1055 3884 thing.
1078 3814 1198 3888 Perhaps
1209 3816 1255 3871 the
1266 3816 1306 3870 de·

211 3897 271 3943 turo
290 3888 342 3943 and
356 3890 506 3950 Dourion,-
526 3889 578 3943 and
598 3889 683 3944 under
695 3891 741 3944 the
782 3890 909 3960 scription
923 3892 954 3945 of
969 3891 1013 3946 the
1026 3892 1107 3947 Fortu
1119 3894 1150 3947 of
1161 3894 1307 3949 Hest-tbo

209 3969 287 4021 latter
310 3966 378 4020 head
399 3968 452 4020 will
475 3983 550 4021 come
574 3969 740 4039 conception,
782 3968 979 4024 Modiflcations
999 3971 1031 4024 of
1048 3970 1094 4025 the
1112 3989 1199 4044 genus
1219 3979 1238 4004 ‘⁴
1251 3975 1307 4029 Mo·

211 4045 335 4115 thought,
348 4046 396 4098 &c
423 4046 482 4099 Mill
493 4046 519 4099 in
533 4046 574 4099 his
588 4045 740 4117 Categories
782 4047 1068 4120 tion,”maybewhat
1089 4050 1112 4105 is
1133 4062 1232 4106 meant
1269 4051 1307 4107 Cf.

210 4125 285 4178 takes
304 4122 349 4176 the
367 4123 449 4177 wider
467 4141 543 4178 sense
562 4125 593 4178 of
609 4125 653 4179 the
672 4134 741 4179 term
781 4126 841 4179 inlr.
857 4125 894 4180 11.
907 4143 949 4180 ao.

211 4202 322 4264 Nature,
334 4201 387 4255 and
399 4201 520 4257 includes
538 4205 635 4257 mental
648 4222 740 4274 opera-
819 4204 840 4244 ¹¹
856 4204 922 4259 'l'bis
934 4204 1070 4274 imperfect
1083 4205 1249 4280 Knowledge
1260 4207 1308 4263 and

210 4281 290 4335 tione.
328 4279 390 4347 (See
409 4280 493 4334 Mill'e
513 4280 605 4351 Legio,
626 4282 704 4337 Book
718 4283 740 4337 I.
783 4282 1131 4353 Powerrnightbetermed
1145 4286 1309 4358 Empiricos

210 4358 287 4428 chap.
294 4357 330 4411 iii.
344 4359 358 4424 §
371 4361 423 4425 15.)
782 4360 881 4431 having
893 4378 929 4414 no
941 4361 1042 4433 insight
1053 4362 1111 4417 into
1123 4363 1169 4419 the
1187 4365 1309 4437 principle

248 4435 271 4474 ¹⁰
297 4435 321 4489 lt
342 4436 365 4489 is
385 4434 496 4490 difficolt
518 4445 545 4490 to
565 4455 608 4491 see
627 4438 697 4492 what
718 4439 740 4492 ie
781 4457 812 4494 or
825 4440 896 4494 Lair.

212 4523 301 4570 meent
321 4513 357 4585 by
377 4513 421 4568 the
442 4519 461 4544 “
474 4514 659 4586 Peragraphs”
678 4516 741 4571 ola
820 4516 843 4557 ¹²
863 4517 930 4574 This
954 4518 1136 4576 combination
1159 4522 1191 4577 of
1213 4522 1308 4578 unow-

213 4595 292 4656 Law;
318 4592 491 4665 especiallyis
509 4592 570 4647 law
588 4593 641 4647 and
661 4593 740 4649 Fortu
781 4595 857 4667 ledge
876 4595 928 4652 and
941 4597 1039 4651 Action
1052 4598 1074 4652 is
1086 4617 1148 4654 ever
1160 4607 1267 4672 present
1283 4600 1327 4655 to'
