2708 5226
214 566 236 624 2
541 563 716 630 NOVUM
739 561 989 629 ORGANUM.

213 727 438 799 affectatione
460 729 629 821 provecti,
647 750 787 820 prorsus
807 727 954 798 modum
972 736 1222 800 exoemeruut.
1263 726 1304 798 At

213 845 428 935 antiquiores
445 869 490 916 ex
504 843 664 916 Graecis³
681 843 846 936 (quorum
864 845 997 936 scripta
1013 846 1220 938 periemut)
1230 845 1305 914 iuter

213 961 465 1052 pronuntiandi
486 962 697 1053 jactantiam
723 970 762 1030 et
789 957 1008 1055 centulepss'oe
1036 961 1304 1056 desperationem

211 1076 421 1170 prudentius
444 1101 481 1148 se
505 1079 768 1147 sustinuerunt:
795 1087 903 1169 atque
924 1079 969 1147 de
990 1078 1235 1171 inquisitionis
1250 1076 1304 1147 dii·

211 1193 384 1277 ficultate,
407 1203 445 1265 et
471 1216 588 1263 rerum
614 1194 841 1274 obscuritate,
865 1194 993 1285 saepius
1014 1182 1256 1286 querimonias
1274 1204 1304 1265 ct

211 1310 473 1402 indignationes
498 1310 698 1389 miscentes,
723 1320 760 1378 et
786 1308 897 1378 veluti
924 1308 1080 1380 frasnum
1106 1311 1305 1389 mordentes,
1343 1388 1345 1399 ¹

210 1435 332 1497 tamen
359 1426 577 1518 propositum
602 1448 738 1517 urgere,
759 1435 867 1517 atque
891 1437 1028 1495 naturae
1055 1449 1097 1497 se
1124 1428 1305 1497 immiscere
1342 1404 1345 1513 l

210 1565 282 1612 non
304 1543 540 1612 destiterunt:
567 1550 843 1611 consentaneum
863 1550 919 1631 (ut
938 1541 1099 1629 videtur)
1117 1545 1305 1615 existimau-
1342 1518 1345 1657 ἶ

210 1667 275 1740 tes,
293 1657 360 1726 hoc
378 1657 494 1749 ipsum
514 1655 696 1745 (videlicet
714 1667 835 1726 utrum
852 1657 986 1749 aliquid
1003 1659 1088 1728 sciri
1106 1661 1233 1751 possit)
1248 1680 1305 1729 nou
1343 1662 1345 1709 ³

211 1775 403 1866 disputare,
421 1773 483 1842 sed
502 1773 673 1864 experiri:
701 1783 739 1843 et
762 1782 884 1844 tamen
909 1770 960 1843 illi
983 1775 1065 1866 ipsi,
1084 1776 1224 1869 impetu
1243 1783 1306 1845 tau·

210 1899 288 1958 tum
324 1888 529 1959 intellectus
565 1890 629 1971 usi,
664 1887 821 1982 regulam
860 1912 931 1958 uon
968 1889 1226 1973 adhibuerunt,
1256 1890 1305 1961 sed

209 2006 331 2075 omnia
347 2006 383 2074 iu
401 2005 471 2074 acri
495 2004 726 2073 meditatione
744 2013 782 2075 et
803 2004 932 2074 mentis
951 2003 1180 2077 volutatione
1195 2020 1233 2078 et
1246 2006 1307 2101 agi·

209 2121 345 2191 tatione
363 2133 535 2213 perpetua
553 2130 757 2213 posuerunt.

261 2240 396 2311 Nostra
418 2250 538 2310 autem
563 2241 665 2320 ratio,
683 2249 724 2309 ut
748 2261 854 2331 opere
877 2239 995 2320 ardua,
1014 2239 1068 2309 ita
1089 2241 1192 2312 dictu
1211 2238 1307 2315 facilis

210 2368 275 2428 eat.
326 2357 494 2428 Etenim
514 2368 577 2428 est.
597 2366 637 2426 ut
656 2356 879 2426 certitudinis
896 2354 1027 2448 gradus
1043 2359 1306 2441 constituamus,

209 2497 350 2546 sensum
376 2497 438 2567 per
458 2474 705 2546 reductionem
723 2472 898 2563 quandam
918 2472 1121 2556 tueamur⁴,
1140 2475 1204 2545 sed
1222 2496 1308 2545 meu·

209 2593 255 2660 tis
278 2614 376 2682 opus,
396 2591 490 2683 quod
518 2611 659 2658 sensum
687 2589 922 2679 subsequitur,
943 2586 1161 2681 plerumque
1186 2592 1309 2684 rejicis·

208 2706 333 2789 mus⁵;
358 2730 483 2777 novam
509 2714 631 2775 autem
653 2712 841 2774 etcertum
861 2706 962 2785 viam,
981 2704 1027 2773 ab
1043 2703 1131 2796 ipsis
1149 2729 1307 2779 sensuum

208 2824 503 2916 perceptionibus,
521 2821 634 2890 menti
655 2821 852 2912 aperiamus
870 2829 907 2889 et
925 2820 1141 2894 muniamus.
1193 2822 1308 2917 Atque

207 2940 275 3010 hoc
301 2938 533 3032 proculdubio
556 2937 722 3005 viderunt
749 2946 786 3007 et
813 2935 873 3019 illi,
892 2937 952 3028 qui
978 2948 1096 3009 tantas
1120 2939 1309 3012 dialectice

241 3117 737 3190 ³Ci.l.rlph.7r,89.audDeAugm.
778 3129 809 3173 ut
829 3137 924 3174 sensus
944 3129 1050 3175 tantum
1071 3121 1106 3177 ds
1124 3126 1310 3196 experimento,

208 3198 252 3254 Sc.
267 3198 359 3265 1114,
778 3199 989 3268 experimentum
1001 3198 1076 3254 ders
1084 3202 1200 3272 judicet.
1227 3202 1310 3266 Ques

241 3276 353 3332 ⁴Shaw
376 3276 496 3346 explains
526 3275 579 3330 this
610 3275 738 3347 difficulty
779 3277 960 3333 existimamus
983 3296 1033 3332 nos
1056 3296 1155 3336 seusus
1175 3284 1309 3340 Antielitss

205 3357 284 3413 thus:
298 3355 363 3427 “By
374 3355 524 3424 contriving
534 3372 604 3426 ways
614 3355 737 3408 oitmns·
779 3356 925 3426 religiosos,
944 3368 970 3412 et
989 3360 1163 3415 oraculorum
1184 3362 1243 3435 ejus
1261 3380 1308 3418 uon

205 3436 314 3507 mitting
332 3435 424 3506 things
442 3434 470 3487 in
487 3452 502 3487 a
518 3451 614 3504 proper
629 3451 740 3487 manner
779 3433 915 3505 imperitos
941 3435 1103 3506 interpretes
1130 3457 1184 3496 noa
1214 3442 1308 3514 praui·

205 3525 233 3570 to
252 3515 298 3569 tbe
314 3532 413 3576 sensas,
427 3512 485 3566 that
497 3530 512 3565 a
524 3522 583 3567 true
594 3511 739 3582 judgment
780 3513 858 3567 tisse:
886 3525 917 3568 ut
937 3515 981 3568 alii
1003 3514 1169 3585 professione
1191 3520 1308 3592 quadam,

205 3613 266 3665 may
281 3594 314 3647 he
329 3591 432 3646 formed
450 3591 481 3646 oi
496 3591 568 3645 them
581 3591 657 3645 when
674 3589 738 3643 thus
780 3608 829 3645 uos
852 3593 938 3661 reipsa
959 3610 1068 3647 sensum
1091 3597 1162 3650 tueri
1182 3615 1215 3653 ac
1233 3600 1309 3655 solus

204 3674 283 3743 again
314 3670 432 3740 brought
462 3669 548 3724 under
572 3670 667 3723 riew.”
713 3669 738 3724 lt
779 3668 945 3724 videamur.”

205 3767 291 3804 seems
304 3749 401 3818 simply
413 3758 442 3801 to
454 3766 531 3802 mean
544 3747 737 3818 “strengthen-
814 3746 826 3784 ⁵
846 3747 983 3820 Rejectiug
1006 3749 1083 3804 those
1103 3751 1186 3826 hasty
1206 3757 1308 3811 concin-

205 3829 253 3899 ing
270 3826 323 3881 and
343 3826 487 3896 delending
504 3827 549 3881 the
565 3826 699 3898 authority
711 3827 741 3882 of
779 3825 852 3880 sious
869 3838 898 3880 to
916 3827 1002 3881 which
1021 3827 1067 3882 the
1080 3829 1205 3887 lutellsct
1223 3834 1270 3889 leli
1284 3842 1308 3888 ts

205 3906 251 3962 the
269 3924 360 3960 censes
378 3904 415 3974 by
429 3905 543 3976 keeping
560 3905 633 3959 them
645 3907 738 3960 within
778 3904 852 3959 itselt'
875 3907 928 3960 will
955 3907 1014 3977 leap
1040 3908 1223 3984 immediately
1250 3914 1309 3969 estu

205 3985 275 4039 their
287 4001 383 4053 proper
395 3983 476 4037 limits
484 3984 512 4045 ;'¹
531 4001 560 4038 as
574 3984 664 4038 Bacon
677 4003 737 4056 says
778 3984 893 4038 sensible
913 3986 1100 4055 appreciation.
1144 3989 1219 4045 llere
1237 3992 1307 4064 again

206 4062 242 4130 (l.
263 4061 336 4129 126.)
358 4061 480 4115 “sensui
501 4079 555 4114 non
578 4061 737 4132 derogamus
777 4061 823 4116 the
838 4062 998 4118 Distributio
1013 4064 1114 4119 throws
1129 4066 1201 4137 light
1217 4088 1255 4125 on
1269 4068 1308 4124 tlte

206 4141 254 4195 sed
272 4140 483 4195 ministramus.”
521 4139 546 4194 lt
561 4141 612 4194 will
629 4141 663 4195 be
679 4141 738 4196 best
778 4142 904 4213 meaning
928 4141 1042 4200 “Quod
1067 4161 1131 4198 vero
1157 4148 1255 4204 attinet
1278 4146 1307 4203 ad

205 4217 353 4290 explained,
372 4218 495 4290 perhaps,
512 4218 547 4289 by
562 4219 692 4273 reference
710 4231 738 4274 to
779 4220 900 4274 notiones
926 4221 1024 4290 primas
1048 4222 1201 4279 intellectus
1208 4248 1217 4290 ;
1248 4226 1306 4283 nihil

204 4297 266 4352 that
283 4306 341 4367 part
359 4297 390 4352 oi
405 4297 450 4351 the
467 4297 657 4352 “Distributio
675 4316 737 4368 ope·
779 4308 819 4352 est
834 4317 939 4365 eorum,
951 4317 1012 4370 quse
1024 4300 1174 4356 intellectus
1187 4305 1241 4361 sibi
1255 4322 1306 4378 pe·

205 4377 271 4441 ris,”
284 4376 370 4431 which
387 4376 468 4431 refers
487 4386 514 4429 to
530 4375 575 4430 the
588 4375 736 4447 Nor.0rg.
779 4378 876 4431 missus
900 4377 1043 4449 congessit,
1068 4379 1134 4451 quin
1159 4383 1241 4439 nobis
1263 4400 1305 4456 pro

204 4456 292 4512 where
308 4455 341 4511 be
355 4474 425 4528 says,
439 4455 629 4525 “Perceptioni
642 4473 737 4510 sensus
778 4466 902 4526 suspecto
919 4456 962 4520 sit,
975 4474 1025 4511 nec
1039 4457 1096 4511 ullo
1112 4459 1198 4516 modo
1213 4472 1303 4524 ratum

203 4535 362 4593 immediatae
376 4553 406 4590 ac
424 4535 536 4606 propriae
551 4552 605 4588 nou
620 4535 736 4589 multum
778 4535 829 4589 nisi
839 4553 909 4589 noso
918 4535 1020 4607 judicio
1029 4553 1057 4590 se
1067 4536 1301 4602 stiteritetsscun·

203 4616 362 4672 tribuimus:
382 4614 430 4670 sed
448 4633 479 4669 eo
496 4631 551 4668 rem
568 4611 735 4677 deducimus,
777 4613 842 4668 dum
855 4613 920 4668 illud
933 4614 1140 4685 pronunciatum
1151 4617 1261 4675 luerit”
