2708 5226
504 520 592 586 LIB.
614 522 661 586 11.
680 542 728 606 ¹3·
1106 520 1170 586 177

140 684 285 769 ferrum,
302 693 340 756 et
356 707 517 778 cuprum,
534 695 572 757 et
589 696 726 760 caetera.
769 687 905 760 Verum
922 688 969 760 de
986 688 1042 759 his
1058 689 1168 758 etiam

139 799 304 872 facienda
320 809 375 870 est
391 800 538 873 ulterior
555 803 747 895 inquisitio.

65 919 125 985 25.
150 913 392 987 Inveniuntur
421 940 468 988 ex
497 917 619 1010 ignitis
648 918 819 988 nonnulla
849 918 955 1012 longe
990 919 1167 1002 calidiora,

136 1053 247 1123 quam
267 1031 447 1102 nonnulle
469 1054 516 1102 ex
541 1031 704 1105 flammis.
757 1032 881 1104 Multo
906 1036 1002 1105 enim
1019 1034 1168 1106 calidius

138 1154 195 1218 est
210 1155 251 1219 et
266 1149 380 1243 magis
396 1149 548 1220 adurens
569 1150 701 1219 ferrum
719 1151 883 1243 ignitum,
900 1173 1006 1242 quam
1024 1149 1169 1222 damma

138 1265 284 1356 spiritus
301 1265 385 1334 vini.

62 1376 124 1450 26.
148 1377 389 1450 Inveniuntur
417 1379 526 1451 etiam
554 1402 601 1451 ex
629 1381 707 1462 illis,
733 1403 812 1473 quae
839 1382 951 1475 ignita
977 1404 1048 1451 nou
1073 1391 1166 1464 sunt,

137 1495 201 1567 sed
218 1503 361 1566 tantum
376 1495 422 1566 ab
438 1496 521 1590 igne
544 1495 726 1580 calefacta,
744 1498 838 1568 siout
854 1521 954 1590 aquae
977 1498 1165 1580 ferventes,

136 1619 176 1683 et
201 1613 263 1683 aer
286 1610 473 1682 eonelusus
498 1612 534 1681 in
560 1614 856 1697 reverberatoriis,
883 1612 1063 1696 nonnulla,
1089 1636 1167 1706 quae

138 1735 307 1820 superant
323 1726 440 1798 calore
456 1726 572 1798 multa
588 1751 634 1799 ex
652 1728 804 1800 flammis
822 1730 905 1822 ipsis
922 1738 961 1801 et
978 1730 1110 1823 ignitis.

62 1847 124 1920 27.
143 1842 268 1913 Motus
284 1852 394 1937 anget
411 1840 617 1926 oalorem⁹⁸3
644 1853 686 1913 ut
703 1843 823 1916 videre
839 1846 949 1915 estin
968 1843 1111 1916 follibus
1128 1854 1166 1914 et

138 1957 228 2030 flatu
240 1982 251 2043 ;
284 1960 375 2030 adeo
400 1968 443 2029 ut
471 1959 612 2030 duriora
636 1983 682 2031 ex
709 1960 863 2032 metallis
886 1985 958 2032 non
984 1961 1168 2032 solvantur

137 2083 202 2145 aut
229 2073 415 2166 liquefiant
443 2075 657 2168 perignem
685 2084 867 2146 mortuum
897 2084 961 2147 aut
991 2077 1164 2168 quietum,

138 2188 206 2259 nisi
223 2187 312 2260 datu
327 2191 517 2261 excitetur.

62 2308 124 2374 28.
141 2301 224 2375 Fiat
253 2305 542 2398 experimentum
573 2329 637 2399 per
665 2305 810 2398 specula
841 2306 1096 2388 comburentis,
1126 2307 1163 2376 in

137 2420 266 2511 quibus
282 2425 340 2508 (ut
361 2421 525 2510 memini)
547 2421 615 2493 hoo
638 2421 701 2504 fit;
727 2431 769 2491 ut
793 2423 822 2492 si
848 2420 1034 2515 speculum
1055 2444 1165 2514 pona-

136 2543 197 2605 tur
214 2534 385 2628 (exempli
405 2537 534 2630 gratia)
552 2538 598 2608 ad
615 2537 821 2608 distantiam
838 2537 1023 2630 spithamae
1040 2537 1085 2607 ab
1103 2536 1166 2606 ob-

128 2650 231 2742 jecto
273 2650 524 2735 combustibili‚
558 2676 630 2723 non
671 2661 858 2747 tantopere
900 2653 1067 2724 incendat
1101 2662 1165 2724 aut

134 2767 271 2848 adurat,
289 2790 395 2860 quam
418 2768 448 2838 si
471 2769 625 2859 positum
650 2768 760 2839 fuerit
782 2767 966 2862 speculum
990 2768 1161 2862 (exempli

133 2882 264 2978 gratia)
281 2884 326 2955 ad
345 2882 549 2954 distantiam
567 2885 855 2978 semispithamae‚
872 2895 912 2956 et
930 2887 1106 2979 gradatim
1124 2896 1163 2956 et

133 2999 233 3072 lente
249 2999 412 3070 trahatur
431 3000 476 3070 ad
495 3000 701 3071 distantiam
719 3002 913 3094 spithamae.
966 3001 1086 3073 Conus
1110 3010 1163 3072 ta-

132 3123 274 3187 menet
294 3115 379 3185 nnio
401 3115 578 3185 radiorum
603 3117 730 3186 eadem
747 3126 841 3199 sunt,
859 3116 920 3185 sed
943 3117 1018 3208 ipse
1040 3124 1161 3187 motus

131 3238 243 3324 anget
259 3231 498 3322 operationem
518 3228 686 3301 caloris99.

55 3353 118 3426 29.
136 3346 402 3418 Existimantur
424 3346 591 3418 incendia
613 3347 685 3430 illa,
703 3370 781 3439 qnae
806 3347 899 3417 liunt
921 3345 1031 3417 flante
1053 3354 1162 3416 rento

131 3463 227 3545 forti,
251 3462 402 3553 majores
431 3484 634 3556 progressus
661 3463 777 3534 faeere
807 3463 975 3532 adversus
1002 3471 1161 3543 ventum,

130 3602 241 3674 quam
263 3579 460 3651 seeundum
479 3589 649 3667 ventum;
675 3582 759 3673 quia
782 3578 919 3650 soilioet
943 3578 1087 3650 flamma
1107 3603 1163 3650 re·

129 3695 207 3767 silit
228 3703 331 3793 motu
353 3696 561 3787 perniciore,
579 3705 688 3765 vento
711 3696 931 3777 remittente,
950 3717 1057 3786 quarn
1082 3718 1163 3788 pro-

129 3811 241 3894 oedit,
257 3817 364 3881 vento
381 3807 648 3903 impellentem.

88 3993 116 4035 ’Β
136 3993 178 4066 ny
190 3991 337 4064 supplying
353 4009 369 4045 a
384 4000 487 4063 greater
502 4010 588 4064 quan-
628 3991 742 4063 perhaps
758 3991 852 4047 enable
862 4011 896 4047 us
911 4001 940 4047 to
956 3992 1013 4047 find
1025 3991 1071 4047 the
1086 4002 1163 4047 exact

51 4074 103 4145 tity
114 4071 147 4128 ol
156 4071 275 4143 Oxygen
290 4070 360 4125 lrom
372 4069 418 4125 the
428 4071 486 4125 Air.
525 4071 588 4125 Itis
628 4073 704 4126 locus
722 4071 816 4135 better,
828 4071 882 4126 aud
899 4089 930 4126 so
946 4070 1034 4143 might
1050 4089 1129 4127 cause
1146 4090 1163 4125 a

52 4160 102 4207 not
115 4167 191 4207 mere
205 4148 319 4213 motion,
330 4148 374 4203 ior
390 4148 436 4203 the
451 4149 589 4204 manuleo·
629 4159 751 4220 stronger
762 4148 841 4204 lleat.

52 4239 127 4285 turer
138 4227 203 4283 who
219 4226 288 4283 tried
299 4236 328 4280 to
339 4225 409 4282 blow
420 4226 463 4280 his
479 4227 540 4282 fires
552 4225 589 4296 by
668 4225 704 4266 ¹⁰⁰
720 4227 786 4282 'Ihis
809 4227 833 4282 is
857 4235 906 4282 not
928 4228 975 4282 the
998 4245 1067 4282 osse.
1103 4227 1162 4282 The

54 4324 146 4364 muns
168 4306 200 4362 oi
218 4315 303 4361 steam
318 4305 380 4376 jets,
403 4306 500 4378 simply
521 4305 589 4361 bien
629 4306 783 4377 brightuess
798 4305 828 4360 oi
840 4306 896 4371 fire,
908 4306 986 4360 when
1001 4304 1118 4377 exposed
1132 4315 1161 4359 to
1227 4322 1230 4326 ’

55 4385 129 4442 tuso
139 4393 199 4441 out
629 4402 646 4437 a
664 4384 731 4455 high
751 4383 832 4449 wind,
851 4385 874 4439 is
895 4383 1042 4440 accounted
1063 4384 1106 4438 sor
1126 4383 1163 4454 by

89 4462 115 4504 Ν
124 4463 214 4519 'l'here
231 4461 255 4518 is
267 4479 303 4516 no
315 4461 473 4517 foundation
489 4462 518 4516 in
536 4460 589 4516 lact
629 4471 692 4517 note
704 4463 748 4532 98.

59 4540 96 4597 lor
110 4542 174 4600 this.
210 4540 269 4595 'lhe
283 4541 362 4596 latter
379 4557 485 4611 prooess
499 4539 587 4594 would

670 4651 695 4699 N
