2708 5226
125 589 171 656 92
454 584 629 649 NOVUM
652 583 899 650 ORGANUM.

127 749 367 845 spiritualibus
396 749 532 821 dictum
564 759 630 832 est,
656 749 815 847 &qaum
840 748 914 821 Dei
940 771 1011 820 non
1038 750 1126 821 venit
1148 772 1209 821 ms

127 864 381 939 obemuotione⁹
392 890 405 944 ,·
435 866 471 935 id
498 867 606 936 etiam
633 867 669 937 in
696 868 793 938 omni
818 868 955 960 majore
980 889 1088 960 opere
1109 866 1211 937 Prori-

126 984 261 1056 dentiae
291 985 434 1054 evenire
464 984 656 1076 reperitur:
693 991 735 1053 ut
764 984 884 1054 omnia
912 984 991 1055 sino
1018 985 1211 1076 strepituet

127 1101 245 1172 sonitu
268 1099 407 1192 placide
430 1098 617 1182 labantur;
643 1109 753 1191 atquo
769 1122 826 1170 res
845 1099 951 1192 plana
968 1111 1105 1194 agatur,
1120 1101 1212 1192 prius·

127 1240 232 1310 quam
251 1216 413 1287 homines
432 1238 513 1286 eam
532 1217 589 1309 agi
611 1225 741 1308 putent
763 1225 827 1287 aut
849 1216 1053 1288 advertant.
1102 1215 1213 1309 Neque

127 1335 328 1406 omittenda
360 1343 415 1404 est
448 1334 636 1426 prophetia
666 1332 827 1404 Danielis
862 1335 908 1405 de
942 1331 1081 1404 ultimis
1109 1334 1212 1404 mundi

127 1452 365 1546 temporibus3
396 1446 508 1519 Muta
527 1447 799 1544 pertransibant,
822 1458 854 1520 el
876 1447 1062 1544 multiplea
1082 1451 1146 1521 erit
1163 1448 1215 1520 esi·

127 1568 221 1640 entio
232 1565 281 1638 ¹⁰:
310 1566 499 1638 manifeste
521 1567 673 1637 innuens
694 1576 734 1637 et
756 1566 969 1660 significans,
990 1590 1069 1638 esse
1088 1568 1123 1636 in
1139 1567 1214 1646 fatis,

128 1684 165 1755 id
187 1693 253 1765 est,
275 1686 313 1754 in
339 1682 578 1765 Providentia,
597 1692 639 1752 ut
664 1683 896 1776 pertransitus
921 1685 1050 1754 mundi
1072 1684 1144 1776 (qui
1166 1705 1216 1775 per

128 1808 184 1870 tot
207 1799 416 1892 longinquas
440 1800 682 1892 navigationes
705 1797 874 1892 impletus
889 1799 1008 1892 plane,
1026 1810 1091 1871 aut
1103 1801 1172 1893 jam
1186 1799 1214 1867 in

128 1941 235 2012 opere
252 1941 329 1989 esse
347 1918 501 2002 videtur)
518 1928 556 1990 et
572 1926 766 2011 augmenta
781 1918 1014 1989 scientiarum
1030 1921 1068 1990 in
1085 1918 1214 1990 eandem

128 2044 271 2106 atatam
289 2035 458 2105 incidant.

591 2131 721 2206 XCIV
725 2130 769 2205 ‚¹¹

179 2233 348 2326 Sequitur
370 2235 459 2304 ratio
481 2235 640 2304 omnium
659 2235 815 2305 maxima
831 2235 875 2303 ad
895 2232 1097 2306 faciendam
1113 2254 1216 2328 spem;

127 2374 258 2444 nempe
275 2372 321 2420 ex
338 2350 514 2420 erroribus
532 2351 702 2442 temporis
717 2350 899 2443 praeteriti,
913 2360 952 2421 et
966 2351 1105 2420 viarum
1117 2350 1216 2421 adhue

127 2477 359 2539 tentatamm.
412 2464 560 2558 Optima
587 2467 682 2536 enim
710 2476 765 2537 est
793 2490 834 2537 ea
862 2467 1102 2558 reprehensio,
1126 2487 1216 2559 quam

129 2585 175 2655 de
201 2594 297 2655 statu
322 2583 417 2654 civili
443 2583 538 2652 haud
565 2582 759 2676 prudenter
782 2582 1032 2653 administrato
1061 2585 1217 2675 quispiam

128 2701 182 2771 his
207 2702 322 2771 verbis
347 2700 554 2792 complexus
581 2709 635 2769 est
646 2695 693 2768 ¹²:
726 2697 828 2787 Quod
851 2696 899 2768 ad
919 2700 1102 2793 prateriis
1122 2695 1217 2794 pessi·

128 2841 221 2887 mum
245 2826 302 2900 est,
322 2816 361 2887 id
379 2815 427 2887 od
439 2814 571 2910 futuro
596 2816 761 2909 (priimum
785 2812 897 2886 videri
921 2812 1026 2886 debet.
1078 2814 1123 2889 Si
1142 2813 1217 2885 mita

127 2956 185 3003 vos
203 2933 329 3016 omnio,
348 2956 425 3028 quse
443 2930 490 3002 ad
506 2932 652 3028 (illiciam
670 2939 818 3001 oestrum
836 2939 1000 3026 spectant,
1012 2932 1219 3026 praetitule-

128 3048 183 3131 tis‚
205 3072 312 3144 neque
335 3057 447 3118 lamen
472 3070 528 3116 rea
553 3057 674 3118 uestra
699 3047 737 3117 in
764 3045 903 3117 tristiore
927 3045 1002 3118 loco
1028 3058 1162 3129 esseest
1186 3068 1220 3115 as

128 3188 203 3259 epos
230 3163 367 3260 quidem
395 3161 466 3233 ullu
493 3162 628 3259 reliqua
645 3161 756 3259 sorel,
785 3187 841 3233 eae
872 3163 910 3232 io
942 3162 1066 3234 melius
1090 3159 1220 3260 prouehi

123 3306 233 3378 posse.
285 3280 359 3354 Sed
380 3305 455 3352 cum
479 3305 596 3351 rerum
620 3290 811 3352 vestrorum
833 3288 951 3363 satus,
970 3303 1042 3352 non
1061 3305 1084 3352 a
1104 3283 1140 3354 oi
1158 3281 1221 3376 ipsa

128 3424 255 3481 rmum,
285 3397 346 3469 aed
374 3396 415 3468 ab
445 3395 620 3470 erroribus
650 3399 771 3469 vestra
802 3395 890 3467 mole
918 3421 955 3468 ee
983 3395 1128 3479 labem
1161 3418 1223 3492 ape·

128 3516 276 3587 randum
294 3525 353 3599 est,
372 3514 444 3586 illie
466 3513 642 3586 erroribus
666 3515 781 3585 missis
802 3523 863 3585 out
885 3516 1058 3599 correctis,
1076 3535 1222 3614 mapsam

128 3658 246 3705 rerum
264 3635 303 3703 in
324 3631 444 3704 melius
465 3633 685 3703 mutationem
701 3630 790 3725 fieri
806 3653 919 3724 posse.
974 3631 1092 3704 Simili
1115 3630 1224 3710 modo,

162 3828 176 3868 ⁹
195 3829 270 3884 Luke
282 3830 345 3884 xvii.
358 3845 399 3884 20.
701 3827 729 3880 ἔν
740 3829 795 3884 τοῖς
808 3824 1014 3897 παρεληλυθόσι,
1026 3832 1104 3883 msam
1121 3825 1225 3900 πρόςτᾶ

167 3907 189 3946 ¹⁰
208 3910 303 3963 Daniel
322 3909 367 3962 xii.
382 3928 408 3974 4.
447 3908 514 3962 This
535 3916 591 3961 text
611 3907 660 3961 has
699 3906 830 3972 μελλοντο
841 3904 985 3970 βέλτιστον
996 3906 1118 3980 ὑπάρχει.
1145 3910 1175 3963 Ti
1188 3903 1226 3960 οὖν

127 3985 196 4041 been
211 3987 284 4041 often
300 3986 405 4057 applied
421 3995 449 4041 to
462 3986 509 4040 the
522 3986 659 4056 peculiari·
700 3985 759 4039 ἐστὶ
781 3987 858 4038 τοῦτο
865 4006 876 4050 ;
905 3984 945 4038 ὅτι
970 3988 1030 4040 οὔτε
1052 3989 1153 4056 μικρὸν,
1176 3989 1225 4040 oon

127 4065 176 4120 ties
189 4066 218 4119 oi
228 4064 340 4118 modern
352 4065 517 4119 civilizatiou.
699 4061 766 4133 pipo
789 4063 864 4116 οὐδὲν
886 4067 939 4116 τῶν
961 4062 1074 4117 δεόντων
1095 4064 1226 4119 mines

166 4144 187 4183 ¹¹
202 4143 588 4214 'I'hesellphorisms94-108
598 4161 660 4214 pass
700 4141 778 4210 ὑμῶν,
794 4147 875 4198 κακῶς
891 4142 925 4195 τὰ
941 4142 1082 4212 πράγματα
1096 4144 1160 4216 ἔχει·
1178 4139 1226 4196 ε’πεί

127 4240 192 4278 over
203 4240 219 4276 a
229 4221 302 4292 good
319 4221 378 4276 deal
393 4221 424 4276 ol
438 4222 484 4276 old
502 4223 624 4293 ground:
643 4241 660 4277 a
699 4243 740 4274 τοι
758 4220 781 4274 εἶ
797 4219 875 4274 πάνθ’
892 4219 909 4272 d
926 4219 1054 4291 προσήκει
1070 4223 1226 4292 sparsim

128 4303 196 4357 fault
210 4311 258 4356 not
270 4317 433 4354 uncommon
445 4301 472 4355 in
487 4301 586 4364 Bacon,
598 4300 659 4356 who
699 4299 770 4368 ὑμῶν
786 4297 853 4353 οὕτω
871 4298 988 4363 διέκειτο,
1001 4297 1056 4353 οὐδ’
1070 4300 1102 4354 dr
1114 4301 1188 4357 ε’λπὶς
1199 4296 1226 4367 ἦν

127 4383 151 4437 is
165 4399 228 4453 very
242 4389 289 4450 apt
303 4388 331 4434 to
347 4389 436 4449 repeat
449 4379 565 4435 himself.
601 4380 659 4434 The
698 4379 763 4432 αὐτὰ
778 4377 901 4450 γενέσθαι
915 4377 1119 4443 Belsinum&
1132 4377 1225 4450 εῆςμὶε

127 4461 287 4532 Aphorisms
295 4458 531 4530 outheldologave
538 4477 571 4512 us
578 4477 658 4530 many
698 4457 824 4528 ῥᾳθυμίας
842 4458 887 4525 τῆς
905 4455 1029 4528 ὑμετέρας
1048 4459 1090 4513 sol
1108 4460 1153 4527 τῆς
1171 4458 1224 4524 ἆμε-

127 4541 159 4597 ol
167 4540 242 4595 these
254 4555 348 4593 erroro.
699 4534 770 4592 helas
781 4536 918 4607 κεκράτηκε
927 4533 1066 4600 Φίλιππος,
1076 4539 1122 4607 τῆς
1132 4539 1224 4592 πόλεις

166 4617 189 4659 ¹²
205 4616 348 4673 Demoslh.
360 4615 471 4672 Phll.iii.
484 4617 514 4670 τὸ
525 4616 660 4689 χείριστον
699 4615 722 4671 δ’
734 4616 766 4670 οὗ
778 4616 938 4686 κεκράτηκεν.
