2708 5226
453 524 542 590 mn.
567 525 611 590 11.
631 544 766 611 12-13.
1096 525 1160 597 169

56 689 136 760 lunt
152 695 272 783 partes
289 697 327 758 et
343 699 567 760 consumunt.
621 690 752 781 Neque
776 690 858 761 huie
884 691 1060 761 instantiae
1076 692 1159 762 sub-

49 806 216 900 jungitur
231 806 398 902 meaatiaa.
449 803 571 898 Atque
591 807 628 875 in
652 806 818 877 animatis
840 807 959 878 nullus
982 810 1158 900 reperitur

55 922 165 1005 dolor,
183 923 251 994 nisi
269 946 350 993 oum
369 924 522 1015 quodam
541 945 645 993 sensu
663 922 789 993 caloris
799 919 836 993 ⁷⁸.

116 1145 122 1154 ,
370 1070 434 1142 Ad
448 1071 641 1142 vicesimam
659 1071 847 1164 septimam.

104 1193 164 1259 82.
192 1187 409 1260 Communes
431 1196 515 1259 sunt
538 1187 735 1282 complures
758 1188 914 1259 actiones
936 1196 974 1260 et
995 1188 1100 1259 calidi
1119 1197 1157 1260 et

54 1304 185 1399 frigidi,
203 1303 290 1376 licet
311 1305 447 1376 diversa
469 1304 660 1375 admodum
686 1305 834 1375 ratione.
887 1304 984 1375 Nam
1002 1313 1040 1377 et
1056 1307 1156 1376 nives

53 1444 247 1515 puerorum
264 1443 391 1492 manus
407 1421 574 1493 videntur
597 1420 703 1514 poulo
727 1429 807 1513 post
823 1443 946 1508 urere;
972 1431 1010 1492 et
1027 1422 1157 1516 frigora

53 1549 205 1611 tuentur
236 1561 360 1610 carnes
392 1562 414 1609 n
447 1539 706 1632 putrefactione
715 1534 753 1619 ⁷⁹,
787 1560 859 1608 non
896 1540 1015 1609 minus
1049 1563 1156 1632 quam

52 1657 167 1750 iguis;
192 1663 232 1726 et
261 1653 396 1726 calores
424 1654 639 1726 contrahunt
664 1676 809 1748 corpore
839 1655 876 1723 in
906 1656 1034 1738 minus,
1060 1655 1155 1747 quod

53 1773 190 1844 fuciunt
207 1779 246 1841 et
262 1770 402 1865 frigida.
454 1770 593 1842 Verum
618 1769 693 1841 haeo
715 1778 753 1840 et
779 1770 908 1840 similia
923 1771 1157 1863 opportunius

54 1896 109 1959 est
124 1887 259 1958 referre
275 1886 318 1957 ud
337 1886 604 1978 inquisitionem
621 1885 666 1955 de
684 1885 825 1978 frigido.

548 2031 662 2104 XIII.

100 2134 224 2206 Tertio
241 2134 403 2206 facienda
420 2143 474 2206 est
491 2132 723 2229 compareatis
740 2131 789 2203 ad
803 2130 1006 2205 memsam
1023 2136 1157 2206 insten-

55 2252 186 2322 tisrum
203 2252 242 2320 iu
259 2250 387 2341 quibus
412 2259 547 2334 nature,
564 2250 612 2321 de
629 2273 699 2342 quo
715 2249 756 2319 iit
774 2238 966 2341 inquisitio,
985 2253 1077 2322 inest
1102 2275 1157 2323 se·

56 2368 213 2440 cundum
239 2367 354 2460 magis
371 2374 409 2437 et
426 2368 566 2449 minus;
593 2366 668 2436 sire
694 2364 789 2436 facts
814 2367 1077 2458 comparatione
1103 2368 1157 2436 in·

56 2483 229 2556 crementi
256 2490 294 2554 et
319 2483 538 2553 decrementi
563 2482 601 2551 in
627 2480 755 2552 eodem
781 2481 952 2573 subjecto,
969 2484 1044 2554 sire
1062 2483 1157 2554 factu

56 2599 321 2694 comparatione
345 2597 389 2668 ad
413 2598 567 2668 invicem
593 2599 631 2667 in
657 2596 825 2687 subjectis
851 2596 1010 2667 diversis.
1062 2598 1155 2670 Onm

56 2715 150 2786 enim
173 2714 289 2784 formu
311 2713 362 2784 rei
380 2715 426 2783 sit
443 2714 616 2806 ipsissima
641 2735 718 2795 res;
745 2735 862 2806 neque
888 2712 1028 2785 differet
1054 2738 1110 2787 res
1134 2739 1157 2786 u

56 2830 170 2901 forma
194 2828 301 2900 aliter
318 2851 424 2920 qnam
451 2826 622 2898 differunt
646 2851 817 2921 apperens
843 2837 882 2901 et
908 2831 1076 2914 existens,
1093 2841 1157 2902 aut

56 2946 214 3017 exterius
240 2953 278 3015 et
303 2944 462 3027 interius,
483 2952 546 3014 sut
572 2946 609 3014 in
634 2945 756 3016 ordine
781 2948 826 3016 ad
852 2945 1034 3018 hominem
1058 2959 1096 3018 et
1117 2949 1156 3018 in

56 3062 181 3132 ordine
197 3061 243 3131 ed
259 3061 484 3141 universum
510 3062 655 3131 omnino
672 3063 843 3153 sequitur,
861 3070 902 3131 ut
920 3085 990 3132 non
1009 3065 1157 3156 recipia-

56 3186 115 3248 tnr
131 3176 251 3269 ulique
274 3184 401 3247 nature
426 3198 590 3269 provere
614 3177 736 3260 forms,
754 3179 822 3248 nisi
846 3186 1021 3271 perpetuo
1037 3179 1158 3251 decre·

56 3303 140 3379 scut,
159 3293 301 3387 qnando
317 3303 444 3364 nutura
460 3293 536 3386 ipsa
554 3294 735 3375 decrescit,
749 3301 786 3363 et
803 3293 967 3364 similiter
983 3275 1157 3388 perdetuo

56 3416 239 3504 nugentur,
257 3409 399 3501 quando
415 3416 544 3478 nature
566 3408 642 3499 ipss
666 3404 859 3500 augeturffl.
914 3405 1019 3479 Hanc
1035 3410 1158 3500 itaque

56 3524 229 3607 tabulam,
250 3521 414 3595 Tabulam
435 3521 610 3620 qradaam
634 3523 708 3593 sivo
728 3519 893 3593 Tabamm
916 3523 1160 3618 comparative

56 3640 237 3736 appellere
253 3643 512 3712 consuevimus.

162 3790 294 3864 Tabula
305 3792 490 3890 aradam,
507 3791 578 3862 sive
596 3789 851 3886 Comparatiooe
868 3790 906 3860 im
921 3789 1056 3864 Calida.

108 3907 231 3981 Primo
257 3911 378 4002 itaque
403 3911 564 3980 dicemus
590 3908 634 3978 de
660 3908 714 3989 iis,
740 3931 819 4000 quae
849 3905 988 3978 nullum
1019 3931 1161 4001 prorsus

91 4068 344 4126 ”Annnimmded
355 4069 492 4125 assertion.
628 4084 664 4122 on
676 4066 721 4121 the
733 4067 782 4139 oth
794 4067 871 4139 April
885 4067 962 4123 1⁶26.

91 4147 119 4190 ⁷⁹
131 4149 158 4205 It
168 4149 192 4204 ie
203 4148 290 4204 worth
301 4148 421 4219 noticing
432 4147 490 4202 thet
502 4147 523 4200 it
534 4164 588 4201 wss
658 4145 683 4186 Μ
694 4146 761 4202 ThIs
772 4148 905 4219 langueas
917 4147 942 4202 is
952 4147 999 4203 the
1011 4166 1083 4203 same
1094 4148 1160 4203 with

56 4228 268 4299 euexperiment
278 4244 315 4282 on
326 4226 372 4281 the
383 4243 472 4298 power
483 4225 514 4280 oi
527 4225 587 4280 eold
628 4225 687 4280 that
703 4225 731 4280 in
751 4224 790 4280 11.
803 4245 829 4293 ⁴·
867 4231 886 4256 “
896 4224 929 4280 In
948 4225 1040 4281 ordine
1059 4226 1093 4282 sd
1109 4226 1160 4283 ho-

55 4315 84 4362 to
101 4322 224 4378 preserve
240 4304 334 4361 bodies
351 4304 409 4360 thet
425 4314 483 4360 eost
496 4303 587 4359 Becou
628 4305 737 4369 minem,
762 4303 832 4358 &c.''
857 4304 1032 4377 corresponds
1062 4315 1090 4360 to
1114 4305 1162 4361 the

56 4384 173 4450 hialim
190 4383 233 4440 ior
249 4383 285 4439 he
302 4381 401 4455 caught
419 4403 436 4438 s
454 4382 514 4437 ooid
533 4383 587 4438 und
628 4382 740 4439 modern
760 4382 890 4438 technioel
908 4383 1003 4438 Terme
1022 4389 1041 4414 “
1053 4383 1159 4456 subjec-

58 4462 251 4520 iuiemmetion
266 4461 344 4517 while
363 4461 475 4533 stuffing
492 4479 509 4514 a
525 4461 587 4516 foul
628 4463 700 4518 tive”
711 4462 765 4518 and
778 4461 959 4535 “obimus”

59 4541 220 4628 vuum
238 4550 266 4596 u
286 4540 432 4613 urgues,
453 4539 507 4595 anu
528 4539 589 4596 ussa
