2708 5226
217 517 284 587 290
552 517 727 585 NOVUM
755 515 1015 585 ORGANUM.

220 670 349 753 locum,
375 671 525 756 liberet;
551 673 619 757 vel,
644 675 689 766 (si
714 696 786 747 nou
811 673 922 747 detur
948 671 1073 767 copia)
1100 683 1145 746 ut
1170 683 1236 759 cst,
1253 673 1319 745 sud

220 789 344 871 sistat;
369 810 486 882 neque
502 812 658 882 unquam
676 812 732 863 res
751 811 795 859 eo
817 790 1002 870 deveniat,
1021 798 1068 863 ut
1082 801 1153 865 ant
1168 789 1254 863 nihil
1273 791 1319 874 rit,

220 913 284 976 aut
301 903 439 975 nullibi.
490 903 609 988 Quom
625 915 765 979 motum
780 904 906 977 schole
923 909 1021 999 (quae
1045 929 1192 1003 semper
1207 907 1319 980 ferent

221 1021 428 1092 denominat
449 1031 487 1092 et
505 1022 630 1092 delinit
653 1045 720 1106 res,
738 1022 859 1114 potius
880 1044 949 1115 per
966 1021 1122 1094 effectus
1146 1032 1187 1096 et
1202 1024 1319 1095 incom-

221 1137 339 1218 moda,
365 1159 470 1229 quam
506 1161 570 1230 per
603 1159 725 1208 causas
754 1137 959 1226 interiores)
992 1138 1051 1210 rel
1087 1139 1239 1212 denotat
1267 1162 1318 1234 per

222 1251 311 1325 illud
329 1253 481 1336 axioma,
499 1253 594 1345 quod
608 1250 679 1323 duo
702 1273 848 1346 corporu
865 1275 938 1324 aon
957 1254 1103 1349 possint
1116 1279 1192 1329 csse
1209 1254 1248 1329 in
1260 1277 1317 1329 nno

222 1365 317 1448 loco:
346 1367 403 1439 vel
431 1378 536 1441 vocat
567 1377 718 1451 motum,
749 1390 792 1437 ac
812 1366 888 1460 fiat
917 1370 1122 1464 pmatrutio
1150 1371 1318 1449 dmi>

223 1479 349 1555 numm.
401 1483 532 1577 Neque
551 1483 659 1576 hujus
680 1492 799 1555 motus
822 1484 996 1577 exempla
1011 1488 1168 1586 proponi
1188 1510 1318 1561 comco-

223 1609 368 1673 taneum
385 1610 462 1671 est:
488 1599 581 1670 inest
596 1600 690 1671 euim
709 1600 806 1670 omni
822 1601 977 1693 corpori.

276 1717 343 1807 (2.)
370 1717 427 1785 Sit
452 1722 570 1787 motus
596 1715 780 1798 secundus,
797 1723 921 1787 motus
942 1716 1069 1810 (quem
1095 1717 1318 1815 appellamur)

223 1855 342 1912 accus,
356 1853 540 1923 perquem
557 1854 704 1925 corporo
720 1855 792 1903 nou
808 1832 1000 1924 patiuntur
1014 1857 1056 1905 se
1073 1834 1153 1908 ulle
1167 1860 1217 1910 cx
1232 1845 1317 1930 purte

223 1949 277 2017 sui
303 1947 420 2017 dirimi
444 1971 468 2018 a
487 1956 655 2023 contactu
679 1946 826 2019 alterius
850 1949 1020 2040 corporis,
1039 1959 1084 2022 ut
1100 1974 1183 2044 que
1207 1961 1318 2036 mutuo

224 2085 319 2134 nexu
337 2070 376 2133 et
392 2072 559 2135 contactu
576 2065 767 2156 gaudeant
793 2060 914 2147 Quem
931 2073 1073 2137 motum
1092 2066 1217 2153 schola
1232 2075 1319 2139 rocci

223 2188 364 2251 motum
381 2203 424 2250 ac
441 2178 541 2251 detur
556 2175 751 2251 occucmffl:
778 2178 994 2251 volaticum
1018 2203 1117 2274 aqua
1142 2183 1319 2257 nttnhitur

225 2319 361 2371 sursum
381 2297 682 2378 exauctorem
698 2319 762 2388 per
782 2293 940 2383 fistulam
965 2319 1050 2379 curu
1068 2320 1135 2390 per
1151 2308 1318 2379 ventosum

224 2421 289 2484 aut
313 2434 395 2483 oum
422 2433 514 2503 aqua
537 2412 686 2493 sistitur,
703 2434 769 2483 nec
785 2409 902 2485 effluit
919 2412 956 2483 in
975 2411 1113 2506 hydriis
1139 2415 1319 2507 pennatis

226 2529 292 2597 nisi
311 2550 349 2596 os
367 2526 499 2618 hydriae
515 2528 560 2596 ad
578 2527 844 2597 immittendum
862 2528 985 2598 aiirem
1002 2530 1205 2623 aperietur:
1227 2541 1265 2602 ot
1278 2532 1320 2600 iu·

227 2666 374 2714 numera
391 2643 427 2711 id
444 2666 569 2736 genus.

279 2760 343 2848 (3.)
373 2759 430 2830 Sit
464 2769 583 2829 motus
617 2760 753 2839 tertius,
783 2766 902 2829 motus
933 2756 1062 2852 (quem
1097 2762 1320 2856 appellamus)

227 2872 449 2954 libantis⁷⁰,·
475 2898 538 2967 per
566 2898 672 2967 quem
700 2896 845 2967 corpora
874 2897 912 2944 se
942 2874 1094 2947 liberare
1122 2880 1322 2951 nituntura

228 3013 388 3082 pressura
404 3000 467 3060 aut
486 3000 629 3062 tensura
645 2989 934 3083 praeteroaturali,
953 3001 992 3062 et
1016 2994 1210 3066 restituere
1235 3017 1271 3066 se
1292 2995 1322 3063 in

229 3107 427 3176 dimensum
445 3108 581 3198 corpori
599 3129 663 3176 suo
680 3107 900 3177 couveniens.
955 3105 1069 3199 Cujus
1086 3119 1210 3193 motus
1226 3113 1323 3185 etiam

228 3223 413 3292 innumera
430 3231 513 3291 sunt
530 3222 717 3314 exempla:
743 3221 850 3294 veluti
875 3223 1072 3314 (quatenus
1088 3227 1136 3298 ud
1157 3227 1324 3308 liberatio

229 3362 312 3409 nem
340 3362 361 3407 a
388 3341 562 3430 pressura)
591 3361 689 3430 aquae
717 3339 754 3408 in
781 3337 947 3417 natando,
976 3341 1067 3410 airis
1091 3342 1133 3413 in
1165 3343 1323 3425 roland03

229 3478 328 3547 aquae
354 3456 390 3523 in
416 3453 634 3546 remigando,
652 3455 741 3524 aiiris
767 3454 803 3523 in
821 3452 1117 3528 annotationibus
1138 3469 1325 3540 ventorum,

231 3571 369 3641 laminae
404 3571 439 3638 in
475 3568 676 3662 horologiis.
730 3568 809 3639 Neo
845 3568 1070 3663 ineleganter
1103 3596 1144 3645 se
1178 3576 1324 3646 ostendit

231 3696 348 3757 motus
372 3687 462 3755 aeris
485 3685 675 3777 compressi
702 3687 739 3755 in
765 3685 931 3777 sclopetis
956 3684 1105 3758 ludicris
1134 3713 1324 3783 puerorum,

230 3823 311 3870 curn
334 3800 455 3870 alnum
478 3809 540 3870 aut
561 3799 677 3870 simile
694 3800 861 3892 quiddam
879 3811 1068 3884 excavant,
1086 3814 1127 3876 et
1145 3808 1326 3879 inferciunt

231 3919 344 3987 frusto
378 3915 526 4008 alicujus
560 3917 685 3986 radicis
720 3917 945 3999 succulentis„
977 3918 1036 3990 vel
1072 3923 1257 4007 similium,
1287 3922 1340 3994 ad·

231 4042 399 4123 utrosque
425 4032 533 4116 fines;
560 4033 688 4104 deinde
714 4055 777 4124 per
794 4031 976 4103 embolum
1001 4036 1156 4110 trudunt
1182 4041 1324 4113 radicem

233 4148 287 4218 rel
306 4149 506 4239 hujusmodi
526 4147 775 4219 farcimentum
794 4151 830 4218 in
848 4149 1010 4221 foramen
1037 4152 1216 4228 alterum:
1241 4156 1325 4227 uude

232 4265 410 4338 emittitur
426 4274 463 4334 et
481 4265 620 4356 ejicitur
637 4265 738 4334 radix
755 4287 837 4336 cum
855 4265 975 4335 sonitu
993 4269 1040 4338 ad
1059 4269 1224 4343 foramen
1247 4271 1326 4354 altc-

267 4472 293 4512 ⁶⁸
311 4470 688 4540 cs.supra.11.36.1nn.6.
836 4470 862 4512 7⁰
880 4470 1091 4532 “tiberinum’'
1109 4479 1167 4535 ie.
1182 4481 1229 4536 the
1243 4494 1324 4552 open·

268 4550 293 4592 ⁶9
311 4551 354 4606 Ci.
367 4567 456 4620 supra,
471 4549 491 4603 l.
503 4550 546 4602 66.
801 4551 858 4627 tion
869 4550 901 4604 of
911 4550 1060 4625 Elusticity.
