2708 5226
205 541 273 606 aar
532 488 988 608 novunonoanun.

256 707 382 802 Atque
406 709 485 793 hoc,
502 732 586 781 cum
610 710 795 793 similibus,
812 708 916 781 nobis
937 704 1165 800 quandoque
1186 703 1311 776 dubita·

208 827 344 900 tionem
377 828 516 921 peperit
549 827 655 921 plane
687 835 947 911 monstrosam
980 821 1170 907 videlicet,
1204 830 1309 893 utrum

207 943 288 1016 coeli
310 943 425 1016 sereni
448 952 487 1016 et
508 943 642 1016 stellati
665 943 775 1016 facies
798 942 843 1014 ad
866 942 968 1013 idem
989 948 1141 1034 tempus
1158 947 1310 1011 cernatur

207 1060 351 1154 quando
367 1083 451 1132 vere
467 1060 599 1144 existit,
610 1083 656 1132 au
672 1061 791 1156 potins
808 1059 996 1153 aliquanto
1013 1067 1119 1152 post;
1146 1063 1187 1128 et
1202 1067 1309 1127 utrum

208 1198 282 1248 non
314 1176 362 1247 sit
391 1173 582 1270 (quatenus
614 1176 659 1247 ad
689 1177 806 1248 visum
837 1171 1060 1263 coelestinm)
1091 1195 1169 1251 nou
1202 1174 1309 1243 minus

208 1300 351 1386 tempus
368 1315 502 1375 verum,
519 1300 559 1364 et
582 1301 723 1387 tempus
746 1293 871 1375 visum,
887 1312 1001 1384 quam
1024 1289 1130 1362 locus
1153 1312 1262 1373 verus,
1277 1298 1309 1360 et

208 1406 307 1480 locus
324 1409 429 1491 visus,
447 1409 509 1502 qui
532 1416 676 1480 notatur
699 1409 744 1480 ab
770 1406 984 1480 astronomis
1007 1407 1048 1477 in
1068 1404 1308 1499 parallnxibua

208 1523 316 1596 Adeo
346 1522 551 1595 incredibile
581 1524 683 1596 nobis
707 1523 902 1606 videbatur,
927 1523 1068 1617 species
1098 1523 1176 1594 sive
1204 1520 1310 1591 radios

209 1663 397 1733 corporum
425 1639 623 1711 coelestium
651 1663 716 1734 per
742 1654 817 1712 tam
845 1639 1023 1710 immensa
1050 1638 1170 1731 spatia
1194 1635 1311 1707 millia·

208 1756 301 1827 rium
322 1758 439 1829 subito
456 1756 587 1828 deferri
611 1779 713 1850 pome
736 1757 783 1828 sd
800 1750 936 1838 risum'3
963 1754 1028 1825 sed
1047 1755 1173 1848 potius
1187 1753 1309 1825 debere

209 1893 270 1944 eas
297 1872 334 1942 in
362 1879 523 1964 tempore
550 1872 669 1964 aliquo
694 1871 843 1944 notabili
869 1869 988 1943 delabi
999 1867 1039 1941 ὦ.
1094 1869 1238 1942 Verum
1256 1868 1310 1940 illa

210 1986 389 2059 dubitatio
416 1988 547 2082 (quoad
574 1988 689 2081 majus
717 1987 859 2081 aliquod
888 1985 1124 2059 intervallum
1151 1987 1311 2080 temporis

210 2103 305 2173 iuter
327 2109 469 2195 tempus
494 2126 618 2175 verum
643 2113 682 2175 et
707 2105 837 2198 usum)
863 2111 991 2197 postea
1020 2102 1130 2197 plane
1154 2103 1311 2186 evanuit;

210 2219 458 2312 reputantibus
473 2219 577 2291 nobis
588 2221 767 2312 ,iacturam
785 2219 882 2291 illam
898 2219 1093 2304 infinitam,
1111 2229 1153 2292 et
1170 2221 1312 2292 diminu-

212 2336 348 2409 tionem
373 2337 507 2430 quanti,
530 2345 706 2430 quatenns
732 2337 779 2408 ad
803 2337 1050 2431 apparentiam
1075 2338 1175 2409 inter
1196 2358 1312 2431 corpus

210 2453 324 2524 stelloe
340 2475 464 2524 verum
486 2462 525 2524 et
548 2455 703 2548 speciem
719 2455 842 2539 visam,
858 2476 936 2546 quae
953 2461 1125 2526 causatur
1147 2478 1171 2526 a
1190 2454 1313 2526 distan-

211 2570 282 2651 tia;
321 2578 429 2662 atque
461 2569 566 2640 simul
596 2571 802 2642 notantibus
835 2569 880 2640 ad
909 2578 1085 2661 quantam
1115 2571 1312 2642 distantiam

212 2683 414 2780 (sexaginta
439 2685 575 2758 scilicet
597 2688 642 2758 ad
665 2688 852 2757 minimum
875 2684 1143 2780 milliariorum)
1166 2711 1312 2782 corpora

212 2824 326 2893 enque
351 2811 492 2874 tautum
518 2802 718 2886 albicantia,
736 2803 854 2873 subito
879 2801 935 2871 hic
962 2806 1058 2896 apud
1085 2827 1152 2876 nos
1178 2827 1314 2876 cernan-

214 2925 294 3001 tur;
321 2941 402 2988 cum
424 2918 573 2989 dubium
600 2941 671 2989 uon
696 2920 753 3003 sit,
772 2919 889 2990 lucem
912 2918 1129 3005 coelestium,
1147 2943 1220 2995 nou
1245 2931 1313 2991 tau·

215 3042 295 3104 tum
323 3034 497 3106 albedinis
525 3037 681 3107 vividum
712 3035 877 3119 colorem,
905 3023 1031 3106 verum
1063 3039 1178 3108 etiam
1207 3038 1313 3110 omnis

212 3149 363 3221 flammae
394 3157 488 3246 (quae
513 3153 606 3246 apud
633 3175 697 3223 nos
722 3161 809 3224 nota
836 3152 904 3243 est)
930 3149 1062 3236 lucem,
1080 3156 1201 3247 quoad
1227 3156 1315 3250 vign-

214 3288 289 3336 rem
317 3267 531 3349 radiationis,
556 3267 678 3339 multis
706 3270 863 3361 partibus
890 3269 1089 3354 excedere;
1117 3271 1230 3342 etiam
1256 3273 1314 3341 im·

214 3406 336 3455 mensa
365 3384 427 3455 illa
453 3382 620 3455 velocitas
647 3385 785 3478 inipso
813 3407 970 3478 corpore,
991 3409 1070 3478 quae
1099 3390 1260 3460 cernitur
1283 3388 1314 3458 in

214 3515 316 3571 motu
334 3502 469 3584 diurno,
490 3501 581 3593 (quac
605 3502 713 3571 etiarn
732 3503 824 3572 viros
847 3522 970 3595 graves
993 3504 1046 3572 ita
1069 3503 1314 3600 obstupefecit,

214 3626 258 3686 ut
283 3616 432 3689 mallent
457 3617 601 3688 credere
628 3626 766 3688 motum
792 3618 908 3707 terrae)
935 3618 1024 3688 facit
1049 3631 1195 3693 motum
1221 3622 1314 3693 illum

215 3732 457 3824 ejaculatiouis
479 3734 656 3804 radiorum
673 3733 718 3806 ab
736 3735 819 3828 ipsis
837 3734 935 3827 (licet
952 3734 1153 3822 celeritate,
1172 3749 1216 3810 ut
1232 3740 1315 3811 dixi-

215 3870 306 3931 mus,
324 3849 534 3937 mirabilem)
555 3851 667 3944 magis
690 3850 905 3922 credibilem.
958 3848 1128 3925 Maxime
1146 3879 1232 3929 vero
1248 3879 1315 3929 om·

215 3962 315 4033 nium
345 3986 408 4034 uos
437 3965 560 4048 movit,
592 3965 688 4057 quod
718 3966 747 4036 si
776 3966 1063 4061 interponeretur
1093 3971 1314 4044 intervallum

250 4182 276 4223 ⁶³
288 4189 306 4215 “
314 4184 373 4240 The
384 4196 578 4243 maesuremeut
590 4188 621 4242 ol
633 4187 679 4243 the
691 4187 744 4244 Ve-
787 4189 855 4244 Brit.
868 4207 895 4260 p.
903 4186 964 4255 468.
988 4188 1109 4246 Modern
1122 4192 1248 4266 Physicul
1260 4192 1315 4248 Phi·

215 4263 296 4335 locity
314 4264 344 4318 oi
362 4264 439 4335 light,
458 4265 512 4319 aud
532 4266 578 4321 the
597 4267 746 4323 wonderful
786 4268 924 4339 losophers
950 4266 1019 4322 have
1043 4268 1188 4343 delighted
1211 4283 1240 4329 to
1263 4272 1316 4344 gire

215 4359 412 4414 consequences
436 4343 537 4415 arising
557 4345 627 4400 from
651 4347 680 4411 it,
702 4364 745 4402 are
786 4347 845 4403 that
855 4345 961 4401 honour
972 4354 1001 4400 to
1015 4345 1121 4415 Bacch,
1134 4351 1225 4407 which
1241 4350 1273 4406 he
1289 4364 1314 4402 so

215 4419 261 4475 the
273 4420 333 4476 best
345 4423 545 4477 commentarios
561 4441 598 4479 ou
614 4424 668 4479 thia
684 4443 745 4496 pus·
787 4426 898 4497 stesdily
909 4423 1016 4479 abaco
1027 4433 1057 4480 to
1075 4429 1140 4500 give
1152 4440 1182 4487 to
1194 4432 1240 4487 the
1251 4436 1315 4503 grul

216 4517 288 4571 suge,
300 4499 354 4554 aud
367 4499 411 4554 the
429 4499 539 4571 highest
554 4505 651 4576 aulogy
663 4521 699 4559 ou
711 4505 746 4559 its
787 4523 850 4560 meu
862 4505 892 4559 of
901 4504 943 4559 his
955 4520 1016 4558 own
1028 4521 1089 4576 age.

217 4578 351 4634 Anthor.”
370 4578 621 4650 Playlair,Disc.iii.
635 4583 745 4656 Eucycl.
