2708 5226
133 523 198 587 ³24
456 521 629 588 NOVUM
652 519 903 587 ORGANUM.

131 684 307 756 influunt:
332 687 387 757 sin
404 695 589 757 sumantur
612 686 770 766 interius,
789 707 941 778 vapores
965 706 1106 767 eornm,
1121 704 1226 755 weu-⁴

131 802 257 873 dentes
278 801 323 872 ad
339 810 459 895 caput,
476 801 622 895 spiritus
645 803 683 871 in
699 799 909 871 ventriculis
932 799 1075 871 cerebri
1094 809 1226 870 conten-

130 926 188 990 tos
203 918 439 1011 undequaque
461 918 607 1011 fugant:
634 939 787 1010 cumque
809 938 848 987 se
872 915 1064 988 retrahant
1086 915 1227 1008 spiritns,

130 1037 301 1128 usquein
318 1033 424 1106 aliam
441 1043 580 1128 partem
596 1034 753 1129 effugere
769 1034 920 1128 possint,
937 1056 1005 1127 per
1021 1051 1228 1125 consequens

131 1152 272 1234 coeunt,
289 1161 328 1223 et
350 1151 636 1235 condensantur3
662 1162 700 1222 et
725 1149 943 1242 quandoque
971 1149 1080 1242 plane
1107 1149 1229 1220 exstin-

130 1276 290 1362 guuntur
314 1277 352 1339 et
374 1263 632 1338 suffocantur¹⁷.
682 1267 788 1337 Licet
814 1288 937 1337 rursus
962 1267 1092 1338 eadem
1122 1266 1229 1358 opiata

132 1384 314 1455 moderate
337 1391 488 1477 sumpta,
505 1405 569 1475 per
584 1381 747 1454 accidens
770 1383 1039 1468 secundarium,
1057 1380 1230 1471 (videlicet

131 1501 442 1571 condennationem
464 1497 562 1569 illam
585 1521 668 1591 quae
689 1499 881 1570 acoitione
905 1498 1086 1591 succedit)
1104 1497 1230 1568 confor-

130 1623 210 1686 tent
229 1617 383 1710 spiritus,
399 1636 531 1706 eosque
555 1616 708 1686 reddant
724 1615 836 1709 magis
859 1615 1041 1698 robustos,
1058 1623 1099 1686 et
1121 1623 1231 1686 retun-

130 1731 218 1802 dant
243 1752 365 1804 eorum
391 1731 538 1802 inutiles
562 1739 602 1802 et
626 1732 822 1802 incentivos
846 1739 994 1802 motus:
1022 1753 1071 1802 ex
1097 1730 1228 1824 quoad

129 1869 230 1918 curas
252 1845 457 1916 morborum
482 1856 520 1917 et
544 1846 628 1918 vitae
654 1845 965 1941 prolongationem
988 1845 1090 1918 haud
1115 1867 1230 1940 param

129 1963 323 2034 conferant.

179 2078 300 2151 Etiam
323 2079 593 2174 preparationes
618 2100 804 2171 corpomm
827 2076 872 2147 ad
899 2077 1158 2170 excipiendum
1178 2077 1231 2147 fri·

127 2216 193 2289 gus
226 2217 298 2267 non
331 2204 416 2267 sunt
449 2194 677 2278 omittendae3
712 2192 824 2264 veluti
856 2194 956 2284 quod
985 2215 1083 2285 aqua
1114 2214 1229 2286 param

129 2313 249 2405 tepida
273 2312 410 2384 facilius
436 2311 687 2408 conglacietur,
714 2332 821 2402 quam
850 2312 1000 2380 omnino
1032 2310 1172 2405 frigida,
1196 2318 1230 2379 et

128 2426 339 2521 hujusmodi.

180 2541 366 2623 Praeterea,
385 2546 467 2635 quia
496 2552 621 2612 natura
647 2541 758 2634 frigus
784 2548 858 2609 tem
884 2562 991 2631 parce
1017 2543 1230 2636 suppeditat,

128 2660 328 2728 faciendum
359 2670 414 2729 est
448 2658 747 2751 quemadmodum
779 2657 1062 2750 pharmacopolae
1097 2659 1229 2741 solent;

128 2775 200 2864 qui,
218 2774 359 2865 quando
379 2775 533 2866 simplex
550 2775 694 2866 aliquod
715 2773 836 2844 haberi
857 2795 928 2842 non
948 2777 1072 2866 possit,
1092 2777 1230 2870 capiunt

126 2889 384 2959 succedaneum
408 2892 493 2981 ejus,
517 2900 554 2959 et
579 2889 665 2983 qaid
689 2913 751 2983 pro
778 2912 854 2984 quo,
872 2897 914 2959 ut
939 2901 1096 2963 vocant:
1124 2894 1228 2963 veluti

128 3002 263 3097 lignum
282 3003 377 3074 aloes
395 3028 457 3096 pro
478 3003 730 3097 xylobalsamo,
748 3006 893 3075 cassiam
911 3028 977 3097 pro
995 3009 1228 3080 cinnamomo.

128 3120 242 3191 Simili
270 3120 376 3191 modo
402 3120 593 3214 diligenter
618 3121 975 3214 circumspiciendum
1003 3132 1069 3204 est,
1096 3126 1126 3195 si
1153 3148 1229 3217 quae

127 3239 197 3309 sint
223 3238 441 3309 succedanea
465 3238 628 3331 frigoris;
659 3238 834 3318 videlicet,
856 3239 988 3329 quibus
1014 3241 1133 3312 modis
1158 3243 1228 3312 lieri

128 3356 263 3447 possint
290 3355 582 3425 condensationes
611 3355 648 3423 in
675 3354 876 3446 corporibus
901 3354 1008 3424 aliter
1036 3379 1143 3447 quam
1171 3380 1232 3449 per

127 3472 249 3564 frigus,
268 3470 363 3562 quod
382 3469 458 3540 illas
476 3470 595 3551 efficit,
613 3480 654 3539 ut
671 3491 759 3561 opus
784 3492 885 3539 suum
906 3474 1105 3564 proprium.
1158 3473 1231 3545 Ilhe

127 3596 248 3658 autem
266 3587 560 3658 condensationes
578 3586 744 3655 videntur
762 3587 855 3654 intra
871 3595 1091 3675 quaternum
1110 3613 1230 3661 nume-

127 3725 205 3771 mm
224 3702 411 3793 (quantum
428 3701 545 3772 adhuc
563 3701 691 3794 liquet)
710 3701 892 3770 contineri.
936 3704 1101 3787 Quarum
1122 3709 1230 3800 prima

127 3818 267 3887 videtur
289 3819 363 3888 fieri
390 3842 452 3910 per
475 3819 738 3889 contrusionem
756 3819 975 3911 simplicem:
1003 3845 1084 3913 quae
1108 3846 1228 3917 pamm

128 3941 246 4022 potest
271 3932 315 4000 ad
342 3933 554 4004 densitatem
579 3942 810 4017 constantem,
829 3933 1008 4021 (resiliunt
1034 3940 1132 4009 enim
1159 3963 1230 4011 cor-

127 4045 226 4137 pora)
252 4046 314 4116 sed
344 4047 573 4119 nihilominus
599 4050 691 4120 forte
717 4072 772 4119 res
797 4049 980 4122 auxiliaris
1007 4077 1085 4125 esse
1111 4066 1227 4148 queat.

163 4303 186 4345 ¹⁷
204 4303 270 4358 This
288 4303 448 4374 description
460 4307 490 4360 ol
503 4306 549 4360 the
564 4306 655 4362 effecta
695 4308 781 4362 cclsi''
798 4308 827 4362 ol
839 4305 926 4361 which
941 4308 1037 4366 Baeon
1056 4313 1154 4384 speaks
1169 4311 1230 4367 with

126 4385 156 4439 oi
167 4383 276 4454 Opiates
292 4383 314 4436 is
335 4387 478 4456 extremely
492 4386 584 4456 quaint
602 4385 655 4439 and
696 4386 763 4441 such
781 4393 926 4456 contempt.
967 4389 1020 4445 For
1037 4390 1081 4446 his
1099 4394 1178 4446 views
1195 4408 1228 4445 on

126 4464 271 4532 arbitram
290 4478 342 4516 one
360 4461 448 4531 might
462 4464 559 4518 almost
577 4464 655 4536 lancy
696 4471 713 4496 ‘⁶
726 4464 836 4535 Spirit,”
848 4481 891 4518 see
906 4481 1002 4537 supra,
1017 4468 1056 4524 11.
1071 4485 1114 4542 27.
1124 4487 1168 4538 40,
1179 4468 1229 4524 and

126 4544 147 4597 it
170 4559 220 4596 one
245 4540 274 4595 ol
295 4540 340 4594 the
362 4540 553 4598 “delicationes
576 4542 654 4598 Para-
697 4544 719 4598 1.
732 4559 775 4614 50.
789 4541 932 4612 (note64.)
