2708 5226
469 534 558 601 LIB.
575 537 618 601 ll.
634 556 688 618 40.
1069 538 1130 606 261

29 693 155 778 Quare
171 693 210 763 iu
227 693 456 786 inquisitione
480 698 574 769 circa
597 700 800 794 hujusmodi
824 723 980 797 corpora,
1003 703 1134 774 deduc·

31 811 194 882 tionibus
210 812 354 881 omniuo
371 822 427 884 cst
443 836 541 905 opus.

83 926 144 1000 Sit
160 928 282 1021 itaque
299 936 426 1000 natura
441 931 618 1023 inquisita,
635 933 729 1002 actio
747 941 786 1004 et
802 942 921 1004 motus
946 933 1132 1028 spirituali,

26 1045 91 1138 qui
108 1044 307 1115 includitur
328 1045 365 1115 in
388 1047 593 1139 corporibus
610 1048 848 1143 tangibilibus.
900 1047 1018 1122 Omne
1036 1053 1132 1123 enim

28 1159 205 1256 tangibile
227 1160 323 1253 apud
345 1184 410 1232 nos
432 1163 591 1233 continet
613 1163 776 1256 spiritum
795 1163 1007 1236 invisibilem
1024 1178 1063 1238 ct
1080 1169 1134 1238 iu·

26 1277 203 1358 tantilem,
217 1277 322 1369 cique
339 1267 538 1362 obducitur,
552 1286 660 1371 atque
676 1303 760 1351 cum
777 1283 876 1373 quasi
890 1283 1008 1352 vestit.
1036 1281 1134 1354 Hinc
1191 1277 1204 1287 ’

26 1396 109 1467 sons
126 1392 260 1487 triplex
277 1401 404 1485 potens
420 1394 491 1478 ille,
503 1405 541 1465 et
557 1395 727 1466 mirabilis
736 1419 919 1492 procacem
937 1398 1079 1491 spiritus
1095 1401 1133 1470 in

26 1535 176 1606 corpore
193 1510 365 1605 tangibili.
417 1511 570 1605 Spiritus
591 1513 687 1583 enim
712 1515 749 1583 in
776 1537 814 1584 re
839 1514 1013 1608 tangibili,
1030 1517 1135 1587 emis·

28 1653 99 1714 sus,
131 1651 278 1722 corpora
305 1629 483 1700 contrahit
512 1638 551 1699 et
581 1630 756 1715 desiccat3
782 1631 958 1714 detentus,
988 1654 1134 1725 corpora

26 1749 212 1818 intenerat
234 1753 273 1816 et
296 1743 484 1837 colliquat:
511 1768 578 1816 nec
603 1768 744 1839 prorsus
770 1747 927 1830 emissus,
945 1769 1013 1818 nec
1037 1771 1135 1842 pror-

26 1885 90 1934 sus
119 1862 296 1944 detentus,
324 1862 503 1942 informat,
531 1861 777 1946 mammillam,
802 1863 982 1948 assimilat,
1009 1867 1133 1960 egerit,

25 1980 222 2075 organizat,
240 1987 278 2049 et
294 1978 434 2049 similia.
475 1977 600 2072 Atque
619 1977 692 2050 haec
708 1980 827 2050 omnia
845 1980 1071 2053 deducuntur
1087 1983 1133 2053 ad

27 2094 197 2168 sensibile
213 2118 278 2188 per
294 2093 441 2166 affectus
459 2097 674 2189 conspicuos.

81 2210 228 2283 Etenim
250 2212 289 2281 in
309 2210 406 2282 omni
424 2234 569 2305 corpore
587 2210 748 2306 tangibili
766 2212 971 2294 inanimato,
989 2215 1133 2308 spiritus

26 2329 187 2401 inclusus
204 2329 318 2421 primo
335 2326 551 2421 multiplicat
573 2350 620 2410 se,
639 2337 677 2398 et
694 2338 865 2421 tauquam
881 2329 1041 2422 depascit
1056 2355 1134 2425 par·

25 2456 85 2518 tes
103 2442 292 2539 tangibiles
308 2466 376 2527 eas,
394 2467 472 2536 quse
497 2452 581 2515 sunt
606 2444 763 2517 maxime
788 2445 833 2516 ud
860 2445 928 2515 hoc
952 2445 1073 2516 faciles
1095 2458 1133 2518 et

26 2570 252 2656 praeparatoe3
278 2582 407 2652 easque
428 2561 567 2654 digerit,
584 2569 622 2631 at
646 2562 798 2644 conticit,
817 2570 856 2632 et
873 2563 981 2633 vertit
1003 2565 1041 2633 in
1063 2564 1133 2658 spi·

24 2681 153 2765 ritum,
170 2685 208 2748 et
226 2677 354 2748 deinde
371 2699 444 2748 uua
460 2677 612 2749 evolant.
664 2676 789 2771 Atque
808 2678 883 2750 haec
900 2681 1077 2751 confectio
1095 2689 1134 2751 et

24 2793 280 2888 multiplicatio
298 2793 440 2885 spiritus
457 2793 646 2865 deducitur
667 2794 713 2865 ad
736 2818 880 2867 sensum
897 2820 961 2890 per
978 2797 1133 2868 diminu-

26 2913 167 2984 tionem
194 2910 370 3004 ponderis.
422 2910 466 2980 In
489 2913 586 2982 omni
613 2914 707 2983 enim
736 2913 972 2987 desiccatione
997 2914 1129 3008 aliquid

25 3028 155 3100 defluit
178 3028 224 3098 de
240 3036 394 3120 quant03
419 3050 537 3119 neque
563 3028 601 3098 id
628 3030 744 3123 ipsum
771 3053 817 3101 ex
840 3032 965 3125 spiritu
990 3041 1131 3104 tantum

24 3143 328 3239 praeinoxiatente,
346 3143 408 3214 sed
434 3166 481 3214 ex
507 3166 652 3236 corpore
677 3147 773 3238 quod
799 3148 896 3239 prius
921 3148 990 3219 fuit
1016 3151 1132 3245 tangi-

24 3259 112 3343 bile,
130 3267 169 3330 ct
185 3258 323 3330 noviter
340 3279 480 3329 versum
498 3266 571 3327 est:
598 3258 760 3350 spiritum
785 3258 880 3329 enim
902 3281 973 3328 non
998 3261 1131 3350 ponde-

59 3514 88 3556 ⁸⁸
99 3513 150 3570 see
158 3513 181 3569 l.
189 3512 370 3586 50(not064).
388 3511 455 3567 This
464 3512 556 3566 search
598 3511 752 3567 Pantheism
759 3533 768 3576 ;
781 3510 867 3567 audis
879 3529 954 3566 more
960 3512 1015 3566 like
1023 3529 1039 3567 ι
1048 3513 1130 3569 crude

22 3595 93 3651 alter
104 3593 253 3648 thenmure
264 3592 296 3647 ol
306 3591 450 3663 “Spica”
462 3609 516 3644 was
527 3591 557 3644 in
597 3590 651 3647 and
662 3591 776 3647 obscura
793 3591 949 3663 conception
967 3591 999 3646 ot'
1016 3590 1128 3648 Electri·

22 3674 146 3745 realitya
164 3671 255 3726 search
269 3671 311 3725 lor
326 3670 372 3725 the
390 3669 517 3740 principle
529 3669 561 3723 oi
598 3670 659 3742 city,
683 3668 737 3724 aud
761 3685 875 3741 gmeous
905 3669 1037 3740 agencies,
1061 3669 1133 3728 thau

20 3751 84 3808 Life
101 3749 315 3805 munimem
331 3747 518 3820 objecta-but
535 3749 557 3802 it
597 3748 684 3821 ought
701 3749 763 3804 else.
799 3748 841 3803 To
861 3749 990 3803 illustrate
1011 3747 1136 3809 Bacou’s

20 3849 80 3887 m
101 3830 159 3885 also
179 3846 268 3884 more:
288 3827 329 3883 ior
346 3828 439 3883 Bacon
460 3827 556 3898 speaks
597 3827 738 3898 language,
759 3826 771 3880 1
793 3844 855 3899 may
871 3835 984 3882 venture
1001 3830 1084 3898 again
1105 3838 1138 3885 to

20 3909 99 3965 uttan
117 3907 149 3962 oi
164 3906 209 3962 tha
226 3906 355 3978 “spirit’'
371 3907 400 3960 in
420 3905 492 3960 lron.
531 3905 556 3960 lt
597 3917 678 3978 quota
704 3905 828 3961 Milton’s
856 3905 981 3961 Paradise
1005 3905 1083 3978 lost,
1108 3925 1137 3964 v.

19 3989 45 4044 is
67 3985 192 4042 however
209 4002 274 4057 very
291 3985 332 4039 far
352 3984 422 4038 irom
443 3982 555 4038 modern
596 3985 658 4054 484.

344 4080 487 4135 “nowen
499 4078 552 4134 and
564 4079 633 4134 their
644 4079 708 4135 imit

167 4159 259 4215 Man's
270 4157 466 4223 nourishment,
478 4158 515 4230 by
527 4157 640 4231 gradual
650 4160 720 4214 scale
733 4158 875 4223 sublimed‚

169 4239 206 4294 lb
217 4239 285 4293 vital
296 4237 396 4308 Spiritu
407 4237 502 4308 aspira,
515 4246 544 4292 to
555 4237 672 4301 Animal,

165 4317 207 4373 'l'o
219 4317 380 4372 intellectual
391 4317 451 4388 gira
461 4316 528 4372 both
540 4315 585 4370 liic
596 4315 650 4371 and
662 4334 748 4381 sense,

168 4396 256 4468 Faucy
267 4394 321 4450 and
331 4394 560 4467 understanding5
579 4396 686 4451 whence
697 4396 743 4450 the
754 4393 820 4450 Soul

168 4473 273 4529 Reason
285 4474 407 4538 receives,
420 4473 473 4529 aud
487 4473 591 4530 Rcason
603 4474 631 4530 in
643 4474 691 4530 her
703 4474 791 4544 being

167 4547 322 4608 Diacum‘ure
332 4570 364 4608 or
377 4553 531 4609 lutuitive.’'
