2708 5226
208 518 273 591 296
535 515 667 580 NOVU
691 513 943 580 OBGANUM.

206 683 304 753 enim
321 686 446 773 praesto
463 688 547 750 sunt
563 677 693 750 coeium
710 686 749 751 et
765 686 880 761 terra3
907 699 998 749 cnm
1021 701 1046 751 e
1072 687 1202 751 contra
1218 702 1314 751 mum

207 808 246 868 et
267 797 421 892 origines
446 796 679 891 plurimorum
704 816 751 866 cx
774 792 924 887 reliquis
950 795 1120 868 motibus
1146 797 1312 869 interdurn

208 913 335 996 absint,
352 912 532 982 interdum
549 910 675 982 adsint.
728 910 857 1003 ltaque
873 910 988 994 hunc,
1005 912 1097 1004 qnia
1120 935 1195 985 non
1216 914 1312 985 inter·

207 1029 332 1111 mittit,
367 1028 429 1099 sed
464 1026 599 1097 coeteris
634 1026 959 1098 intermittentibus
994 1029 1124 1099 statim
1160 1029 1309 1110 occurrit,

209 1152 422 1239 perpetuum
455 1150 494 1212 et
527 1141 736 1238 proprium;
777 1139 945 1234 reliquos,
980 1145 1162 1216 ascititios
1194 1146 1308 1240 pontit

210 1257 277 1330 Fst
302 1267 425 1330 antem
453 1257 522 1328 iste
548 1265 666 1328 motus
683 1279 804 1329 revera
826 1258 914 1328 satis
940 1257 1111 1332 infirmus
1137 1268 1178 1333 et
1201 1259 1306 1343 hebes

210 1385 378 1470 tanquam
397 1375 438 1458 is,
454 1375 515 1467 qui
534 1373 614 1462 (nisi
641 1373 689 1442 sit
713 1370 825 1443 moles
850 1374 1012 1466 corporis
1037 1377 1170 1470 mnjor)
1187 1378 1308 1448 ceteris

209 1491 374 1575 motibus,
392 1490 547 1584 quandiu
563 1496 765 1581 operantur,
785 1488 891 1559 cedat
912 1497 954 1560 et
977 1489 1203 1564 succumbat
1248 1491 1308 1562 At·

209 1628 281 1698 qne
305 1628 388 1676 cum
414 1606 472 1676 hic
498 1612 616 1673 motus
640 1602 826 1673 hominum
850 1605 1096 1697 cogitationes
1119 1608 1175 1679 ita
1196 1606 1307 1703 impie

209 1723 312 1804 verit,
325 1731 367 1792 ut
379 1722 452 1790 iere
468 1717 622 1811 reliquos
638 1729 758 1791 motus
771 1719 1032 1808 occultaverit3
1055 1730 1181 1796 tamen
1195 1747 1305 1818 parum

209 1836 370 1930 estquod
389 1835 551 1906 homines
568 1836 612 1905 de
625 1856 669 1904 eo
685 1835 886 1922 sciunt,sed
904 1836 945 1906 in
963 1836 1090 1910 multis
1107 1840 1202 1912 circa
1216 1839 1304 1910 ilium

209 1951 386 2023 erroribus
402 1960 597 2022 versantur.

260 2066 325 2160 (8.)
352 2063 409 2140 Sit
435 2075 555 2138 motus
581 2073 737 2150 octavus,
758 2074 877 2138 motus
902 2070 1186 2167 conyreyationir
1210 2070 1305 2143 mim

208 2181 322 2265 rir⁷⁹r
347 2206 411 2276 per
427 2205 535 2276 quem
560 2190 678 2274 partes
703 2181 933 2277 homogeneoe
959 2187 999 2255 in
1025 2208 1177 2280 corpore
1201 2186 1303 2280 aliquo

210 2309 431 2396 separantes
447 2298 493 2369 ab
511 2299 771 2392 heterogeneis,
788 2307 826 2369 et
851 2308 988 2372 coeunt
1012 2303 1111 2375 inter
1134 2326 1231 2392 sese;
1254 2325 1305 2397 per

210 2440 318 2510 quem
335 2417 443 2486 etiam
460 2436 607 2506 corpora
626 2413 766 2506 integra
781 2436 828 2485 ex
844 2414 1085 2490 similitudine
1108 2419 1304 2491 substantia

210 2557 248 2604 se
264 2531 529 2625 amplectuntur
547 2538 584 2599 et
602 2529 735 2610 fovent,
755 2538 793 2598 et
810 2530 1025 2623 quandoque
1046 2534 1093 2604 ad
1111 2535 1304 2606 distantiam

210 2652 365 2742 aliquam
383 2655 651 2740 congregantur,
668 2646 904 2728 attrahuntur,
923 2657 963 2718 et
981 2654 1223 2722 conveniunt:
1246 2651 1305 2720 vel-

211 2770 263 2837 uti
288 2789 369 2836 cum
389 2767 424 2834 in
443 2764 535 2833 lactc
553 2762 617 2832 flos
641 2760 743 2831 lactis
764 2770 844 2855 post
867 2784 1004 2833 moram
1023 2763 1184 2859 aliquam
1202 2790 1306 2859 super·

211 2893 332 2963 natat3
359 2883 393 2950 in
421 2882 502 2949 vino
528 2879 631 2948 faces
660 2886 699 2948 et
724 2886 896 2948 tartarum
927 2878 1137 2952 subsidunt.
1190 2882 1305 2974 Neque

211 2998 305 3066 eninr
323 2994 396 3065 hanc
414 2996 505 3064 finnt
530 3016 594 3086 per
619 3002 758 3062 motum
784 2993 969 3086 gravitatis
995 3003 1034 3065 et
1062 2996 1221 3068 levitatis
1242 3007 1307 3067 tan·

211 3121 299 3193 turn,
318 3120 359 3181 ut
382 3110 458 3180 aliar
482 3117 599 3202 partes
623 3110 866 3179 summitatem
887 3118 1027 3201 petant,
1045 3111 1126 3183 aliae
1144 3115 1189 3185 ad
1208 3115 1306 3184 imum

211 3237 378 3323 vergant;
405 3228 466 3298 sed
485 3225 599 3295 multo
618 3225 729 3317 magis
756 3248 818 3317 per
837 3224 1055 3297 desiderium
1078 3228 1308 3325 homogeneo

212 3370 290 3416 rum
309 3347 402 3415 inter
418 3366 456 3414 se
474 3341 637 3421 coeundi,
655 3348 748 3410 etse
766 3340 922 3411 uniendi.
959 3341 1095 3415 Differt
1112 3355 1235 3416 autem
1252 3347 1307 3417 iste

211 3475 328 3533 motus
353 3485 375 3531 a
400 3469 501 3530 motu
528 3454 737 3551 iudiqeatica
764 3455 801 3525 in
828 3454 977 3527 duobus.
1031 3457 1129 3543 Uno,
1157 3463 1250 3556 quod
1277 3462 1306 3530 in

210 3589 311 3649 motu
330 3576 530 3672 indiqentioe
546 3573 592 3641 sit
613 3568 779 3641 stimulus
802 3571 913 3662 major
935 3582 1074 3645 naturae
1098 3575 1263 3672 maligna
1277 3584 1308 3648 et

211 3694 413 3764 contraria:
441 3703 478 3761 at
505 3693 541 3759 in
569 3687 637 3756 hoc
664 3694 766 3755 motu
790 3686 832 3773 (si
861 3688 968 3758 modo
996 3690 1256 3782 impedimenta
1277 3699 1307 3763 ct

212 3808 352 3879 vincula
385 3808 500 3877 absint-
529 3805 716 3897 (uniuntur
749 3810 866 3893 partes
897 3825 961 3895 per
994 3807 1203 3892 amicitiam,
1233 3810 1307 3879 licet

211 3926 303 3995 absit
330 3933 456 3993 natura
482 3923 599 3992 aliena
625 3941 703 4009 qnae
730 3916 832 3988 litem
859 3930 1012 3992 moveat.
1063 3921 1206 4009 Altero,
1223 3922 1305 4018 quud

210 4043 339 4112 arctior
364 4041 411 4109 sit
428 4040 521 4122 unio,
540 4046 577 4108 et
595 4045 763 4126 tanquam
790 4036 923 4128 majore
949 4060 1033 4107 cum
1061 4040 1220 4113 deiectu.
1270 4037 1305 4108 In

246 4247 271 4288 ⁷⁹
288 4245 400 4317 Specitic
423 4247 526 4316 gravity
547 4252 674 4299 accounts
697 4241 739 4295 for
780 4240 813 4296 be
825 4240 902 4295 made
913 4259 962 4297 nse
973 4244 1019 4309 οἱς
1039 4248 1247 4319 as(e.g.)when
1258 4262 1305 4300 car·

211 4336 282 4382 most
300 4326 331 4379 os
349 4324 423 4378 tbesc
442 4342 524 4388 cases,
541 4323 627 4376 where
645 4320 739 4374 homo·
780 4320 859 4375 bonic
881 4320 939 4375 aeid
964 4322 1129 4381 introduced
1158 4328 1215 4382 into
1242 4326 1305 4380 lime-

210 4422 328 4478 geneous
338 4403 458 4473 particies
467 4402 589 4456 combine
598 4400 663 4454 aiter
670 4399 738 4453 mix·
780 4407 859 4454 water
870 4416 963 4454 causes
980 4400 1027 4456 the
1043 4403 1191 4461 formation
1206 4405 1236 4461 oi
1250 4404 1305 4458 Cur·

211 4495 279 4539 ture.
317 4480 402 4537 Other
422 4481 546 4535 chemicai
566 4496 658 4533 means
677 4495 739 4548 may
779 4476 918 4532 bonateoi
930 4477 1013 4532 Lime.
