2708 5226
519 554 607 621 nra.
631 555 658 620 1.
676 573 728 642 97,
746 557 797 642 98.
1166 559 1208 622 es

103 720 150 791 ita
175 720 353 814 loquutus
379 730 454 794 est:
480 718 555 795 Nos
580 733 669 796 reate
692 725 797 796 citam
824 719 1000 793 mortalem
1027 745 1098 794 aon
1122 723 1210 796 cici-

103 859 200 924 οιοος
226 835 292 907 ced
305 837 346 908 ia
362 835 426 911 Ιιοο
441 842 517 910 asti
533 864 660 922 sumus,
678 849 717 912 ot
733 840 920 935 posteritas
940 838 983 910 dc
1005 837 1102 911 nobb
1123 864 1210 935 por-

103 961 192 1024 tentu
216 963 343 1025 namet
372 963 405 1026 et
429 955 617 1051 predic&
643 959 789 1051 perinde
814 979 856 1027 ac
882 955 911 1026 si
928 955 1126 1028 Alexandri
1153 979 1209 1030 res

103 1078 217 1164 gestas
233 1092 301 1164 pro
317 1072 489 1143 miraculo
505 1075 698 1145 habuisset.

149 1186 206 1256 At
222 1187 308 1258 aeris
325 1191 554 1280 sequentibus
564 1191 665 1262 Titus
680 1191 803 1260 Livius
820 1189 948 1259 melius
965 1212 1040 1259 rem
1054 1190 1209 1262 advertit

103 1310 139 1373 et
154 1303 383 1396 introspexit,
397 1315 505 1396 atque
522 1307 569 1376 de
582 1305 790 1377 Alexandro
807 1306 1009 1397 hujusmodi
1027 1307 1208 1400 quippiam

103 1416 246 1490 dixit¹⁹z
273 1416 369 1490 Eum
393 1444 462 1492 con
484 1420 585 1493 aliud
600 1445 703 1517 quam
720 1420 801 1493 benc
818 1445 940 1492 caeam
957 1444 1046 1493 canc
1063 1431 1209 1494 emtam·

103 1558 190 1607 aare.
243 1535 370 1629 Atque
398 1539 516 1609 simile
545 1541 654 1610 etiam
681 1540 726 1609 de
752 1539 855 1609 nobis
877 1538 1053 1630 judicium
1079 1539 1209 1612 futuris

103 1655 325 1747 temporibus
342 1655 476 1726 factum
492 1657 536 1727 iri
552 1657 818 1728 existimamus:
845 1654 920 1727 Noa
942 1654 997 1727 aa
1018 1657 1135 1753 magni
1147 1655 1209 1752 se·

103 1770 206 1851 eiam
233 1768 297 1841 aad
313 1779 445 1842 amem
462 1794 513 1855 ea,
531 1794 609 1867 qum
623 1795 694 1867 pro
711 1774 845 1870 magnis
868 1769 1043 1855 habentor,
1060 1772 1209 1845 minoris

103 1883 230 1972 fecsse.
285 1884 356 1960 Sed
381 1890 523 1961 interim
542 1889 650 1981 (quod
672 1891 749 1983 jam
776 1889 946 1979 diximus)
963 1913 1035 1960 non
1052 1900 1108 1961 est
1127 1913 1208 1984 spes

103 2005 163 2076 nisi
179 2007 221 2076 in
240 2006 497 2102 regeneratione
512 2007 761 2090 scientiarum3
787 2016 829 2076 nt
853 2029 903 2076 eae
926 2006 1063 2079 seilicet
1083 2008 1128 2078 ab
1146 2029 1208 2079 ex-

103 2124 278 2214 perientia
299 2133 397 2195 certo
418 2125 544 2196 ordine
566 2125 773 2196 excitentur
789 2135 827 2196 et
844 2146 963 2194 mrsus
987 2125 1207 2208 condantur3

103 2240 192 2331 quod
209 2238 330 2309 adbuc
347 2238 481 2309 factum
501 2262 580 2312 esse
601 2251 667 2311 eut
687 2241 898 2335 cogitatum,
916 2262 1022 2310 nemo
1040 2239 1098 2330 (ut
1114 2240 1208 2312 arbi-

103 2357 251 2448 tramur)
269 2353 507 2428 affirmaverit.

565 2489 746 2564 XCVIII.

149 2590 278 2682 Atque
311 2593 538 2684 experientiae
574 2591 809 2663 fundamenta
844 2593 1002 2686 (quando
1035 2591 1080 2661 ad
1115 2591 1207 2663 hanc

103 2709 247 2778 omnino
280 2707 540 2778 deveniendum
576 2713 645 2802 est)
676 2719 739 2790 aut
773 2708 881 2792 nulla,
916 2719 980 2782 aut
1012 2708 1207 2780 admodum

103 2823 241 2892 infirma
258 2821 374 2892 adhuc
390 2821 559 2905 fuerunt;
587 2845 652 2893 nec
674 2824 942 2916 particularium
962 2823 1062 2917 sylva
1079 2831 1118 2894 et
1134 2846 1209 2894 ma·

103 2939 218 3021 teries,
244 2937 301 3007 rel
328 2937 570 3021 numeraret
597 2962 736 3032 genere,
762 2940 818 3011 vel
847 2940 1073 3025 certitudine,
1100 2940 1209 3012 infor-

103 3057 233 3126 mandc
256 3054 456 3125 intellectui
480 3065 696 3148 competens,
712 3070 778 3128 ant
798 3056 873 3127 ullo
896 3059 1003 3128 modo
1019 3057 1207 3139 sufficiens,
1287 3078 1298 3087 ·

103 3172 218 3244 adbuc
245 3175 392 3265 quaesita
419 3183 474 3243 est
501 3184 540 3245 et
568 3186 746 3268 congesta„
799 3173 871 3245 Sed
897 3185 1021 3245 contra
1046 3175 1207 3244 homines

103 3289 197 3360 docti
220 3291 352 3383 (supini
379 3312 464 3362 sane
491 3300 531 3361 et
558 3291 690 3380 faciles)
717 3313 876 3362 rumores
902 3291 1073 3382 quosdam
1098 3313 1208 3382 expe-

103 3406 249 3490 rientiae,
265 3416 306 3476 et
327 3407 426 3497 quasi
451 3406 562 3477 famas
588 3417 626 3476 et
650 3429 753 3478 auras
779 3407 866 3497 ejus,
883 3406 929 3475 ad
947 3403 1206 3497 philosophiam

103 3543 200 3592 snam
218 3522 274 3592 rel
292 3522 577 3592 constituendam
595 3522 652 3591 rel
676 3521 954 3593 confirmandam
975 3529 1206 3612 exceperunt,

103 3651 208 3731 atquc
223 3637 296 3708 illis
308 3638 541 3709 nihilominus
563 3639 701 3730 pondus
723 3636 874 3731 legitimi
893 3636 1087 3707 testimonii
1103 3636 1207 3706 attri-

101 3756 266 3826 buerunt.
318 3753 373 3825 Ac
390 3755 502 3825 veluti
529 3757 557 3825 si
582 3776 733 3848 regnum
756 3753 898 3845 aliquod
922 3763 986 3824 ant
1003 3762 1117 3823 status
1133 3775 1207 3824 non

103 3870 145 3942 e'x
165 3873 277 3943 literis
290 3882 332 3943 et
349 3871 581 3944 relationibus
597 3896 620 3942 a
637 3871 764 3967 legatis
787 3881 825 3940 et
848 3872 984 3942 nuntiis
1000 3872 1072 3942 fide
1089 3872 1206 3965 dignis

103 4056 175 4124 p.48.
188 4057 325 4127 Τοιγάρτοι
332 4056 358 4110 ri
364 4055 632 4110 tansmisimus
673 4053 796 4126 strength
820 4054 851 4108 oi
870 4053 937 4109 both
957 4053 1133 4111 meadaemon
1152 4052 1206 4108 and

103 4133 301 4204 inperterritus
317 4133 360 4204 ἐφ’
373 4134 443 4202 ἡμῶν
461 4134 492 4188 οὗ
509 4135 631 4206 γέγονεντ
674 4131 788 4197 Athens,
808 4133 861 4188 and
881 4133 912 4187 of
929 4133 976 4188 the
996 4131 1161 4188 destruction
1178 4133 1210 4188 of

103 4213 139 4266 ot
153 4214 204 4284 γὰρ
221 4214 281 4277 βίον
292 4212 317 4284 γ’
330 4213 402 4282 ἡμεῖς
414 4213 571 4283 ἀνθρώπινον
586 4214 631 4276 βε·
673 4211 780 4267 Thebes
792 4211 827 4281 by
840 4213 999 4276 Alexander,
1013 4212 1046 4268 Β.
1058 4213 1089 4268 C.
1100 4227 1162 4284 335.

103 4293 235 4360 Βιύκαμεν,
259 4291 319 4346 ἀλλ’
343 4293 379 4349 εἷς
408 4291 633 4362 παραδοξολογίαν
712 4289 736 4329 ¹⁹
748 4291 814 4362 Livy
828 4290 877 4345 IX.
893 4304 933 4363 17.
952 4293 981 4346 in
995 4291 1040 4345 the
1057 4291 1207 4362 digression

103 4373 153 4426 scie
181 4371 314 4440 ἐσομένοις
341 4370 398 4439 μεθ
429 4371 494 4440 ἡμᾶς
522 4373 631 4441 ἔφυμεν.
673 4368 767 4425 outbe
784 4369 913 4440 probable
929 4385 1126 4442 consequenees
1143 4369 1206 4423 oia

105 4447 194 4504 AEscb.
210 4451 237 4504 in
257 4449 328 4504 Ctes.
343 4451 370 4518 (ξ
387 4453 449 4520 115)
486 4450 631 4505 AEscbinea
672 4449 795 4519 struggle
813 4447 931 4503 between
950 4448 1035 4502 &me
1053 4447 1107 4502 end
1125 4447 1206 4502 Alex·

103 4524 124 4580 is
147 4530 275 4599 speaking
298 4528 329 4583 oi
353 4529 397 4583 the
421 4529 581 4599 prostration
603 4528 634 4582 of
672 4524 764 4582 ander.
802 4525 845 4582 cl.
861 4526 882 4582 l.
897 4544 956 4583 110.
