2708 5226
209 593 253 656 86
537 593 710 660 NOVUM
741 592 989 660 ORGANUM.

209 755 425 839 conditione,
454 762 718 851 permiscentes.
770 757 825 830 At
853 761 891 830 in
920 757 1128 852 hujusmodi
1157 761 1300 831 misturis

211 873 401 967 theologiae
430 898 512 944 cum
544 875 775 969 philosophia,
802 897 845 946 ea
869 884 1024 959 tautum,
1051 899 1131 969 quan
1155 879 1300 947 nuncin

209 988 430 1083 philosophia
446 1002 590 1084 recepta
613 1001 706 1072 sunt,
724 992 1106 1084 comprehenduntur;
1131 994 1193 1064 sed
1215 1016 1301 1075 nora,

209 1104 295 1176 licet
324 1107 360 1178 in
386 1107 515 1178 melius
543 1117 694 1190 mutata,
710 1117 852 1178 tantum
877 1130 950 1178 non
975 1120 1248 1181 summoventur
1267 1119 1299 1180 et

209 1223 503 1292 exterminantur.

260 1335 426 1429 Denique
445 1339 613 1421 invenias,
632 1362 679 1409 ex
696 1341 919 1432 quorundam
936 1339 1189 1436 theologorum
1206 1343 1303 1436 impe·

208 1454 302 1534 ritia,
329 1453 467 1523 aditum
500 1453 606 1523 alicui
640 1454 881 1548 philosophie,
912 1457 1076 1548 quamvis
1110 1459 1304 1541 emendate,

209 1592 302 1663 pene
325 1569 557 1639 interclusum
575 1592 664 1642 esse.
715 1570 792 1642 Alii
815 1571 993 1664 siquidem
1017 1571 1218 1666 simplicius
1236 1573 1307 1644 sub-

210 1696 389 1769 verentur,
416 1711 464 1757 ne
493 1687 586 1757 forte
615 1685 720 1759 altior
748 1689 785 1757 in
815 1697 980 1758 naturam
1010 1690 1199 1781 inquisitio
1225 1689 1306 1760 ultra

209 1824 414 1874 conoessum
445 1804 647 1874 sobrietatis
675 1805 870 1874 terminum
901 1812 1096 1897 penetret;
1132 1807 1308 1878 traducan-

210 1929 265 1989 tes
283 1929 320 1989 et
339 1943 522 2013 perperam
541 1930 749 2013 torquentes
765 1943 817 2003 ea,
834 1943 914 2013 quae
931 1920 977 1992 ds
993 1921 1127 1992 divinis
1143 1924 1308 2016 mysteriis

209 2037 246 2106 in
279 2035 473 2129 Scriptnris
501 2038 608 2107 sacris
637 2036 804 2106 adversus
830 2036 1003 2108 rimantes
1030 2048 1174 2110 secreta
1200 2038 1306 2109 diuina

210 2151 386 2232 dicuntur,
404 2153 449 2222 ad
467 2150 608 2222 occulta
630 2159 776 2235 naturae,
794 2173 873 2243 que
896 2151 996 2222 nullo
1018 2153 1218 2225 interdicto
1238 2176 1309 2248 pru-

210 2267 378 2338 hibentur
387 2265 426 2338 ⁹⁷.
478 2267 554 2338 Alii
576 2265 739 2336 callidius
755 2267 952 2359 conjiciunt
968 2277 1008 2339 et
1023 2271 1146 2343 animo
1164 2279 1306 2352 vemat,

210 2386 240 2455 si
272 2386 389 2454 media
419 2385 635 2478 ignorentur,
661 2382 803 2477 singula
828 2383 874 2454 ad
902 2406 1050 2456 manum
1076 2396 1117 2458 et
1143 2387 1307 2484 virgulam

211 2508 366 2579 divinam
396 2508 505 2599 (quod
533 2506 722 2599 religionis,
746 2515 787 2576 ut
814 2515 951 2598 putant,
976 2509 1137 2581 maxime
1161 2508 1307 2595 intersit)

211 2624 350 2694 facilius
373 2647 474 2716 posse
497 2623 644 2694 referri:
671 2623 764 2714 quod
789 2622 877 2691 nihil
902 2623 998 2693 aliud
1023 2635 1091 2706 est,
1115 2648 1224 2717 quam
1241 2623 1309 2695 Deo

205 2764 273 2835 per
301 2740 514 2811 menducium
540 2736 772 2836 protificarill
800 2739 903 2809 velle.
964 2738 1042 2810 Alii
1073 2742 1121 2813 ab
1151 2742 1309 2835 exemplo

210 2867 388 2938 metuunt,
415 2878 460 2927 ne
486 2867 605 2927 motus
632 2867 670 2927 et
695 2857 912 2926 mutationes
938 2858 1031 2928 cirea
1057 2856 1308 2952 philosophiam

211 2974 248 3042 in
283 2973 491 3066 religionem
520 2974 713 3056 incurrant,
743 2995 784 3042 ao
818 2972 993 3043 desinant.
1048 2973 1128 3044 Alii
1164 2957 1312 3068 denique*

211 3089 354 3160 solliciti
373 3092 550 3171 videntur,
567 3112 615 3159 ne
638 3091 674 3158 in
691 3099 827 3159 naturae
848 3091 1079 3181 inquisitione
1100 3092 1237 3186 aliquid
1260 3095 1309 3163 in·

212 3207 323 3275 veniri
350 3208 470 3298 possit,
488 3206 583 3297 quod
608 3204 815 3299 religionem
838 3206 1047 3297 (presertim
1074 3211 1171 3301 apud
1197 3211 1310 3280 indoc-

212 3324 283 3413 tos)
313 3323 506 3403 subvertat,
537 3331 601 3391 aut
634 3321 761 3392 saltem
796 3320 1000 3392 labefactet.
1061 3322 1117 3394 At
1152 3327 1212 3397 isti
1246 3327 1309 3396 duo

212 3441 424 3531 posteriores
453 3448 572 3509 metus
600 3438 702 3508 nobis
731 3437 899 3507 videntur
929 3440 1075 3509 omnino
1105 3443 1308 3534 sapientiam

212 3563 402 3635 animalem
420 3561 576 3656 sapere⁹⁹
586 3587 596 3647 ;
622 3586 664 3633 ac
681 3565 709 3633 si
729 3563 889 3633 homines
907 3564 944 3632 in
962 3566 1096 3634 mentis
1112 3588 1188 3637 suae
1202 3590 1309 3639 reces-

213 3680 320 3765 sibus,
339 3688 378 3750 et
394 3682 539 3751 secretis
563 3680 851 3775 cogitationibus,
869 3680 914 3749 de
935 3681 1156 3752 firmitudine
1177 3683 1309 3778 religio-

248 3926 275 3967 ⁹⁷
299 3927 366 3983 Like
389 3927 467 3984 those
487 3929 548 3983 who
568 3929 597 3983 in
621 3947 672 3985 our
692 3929 744 4002 day
785 3929 878 3984 “Will
894 3948 928 4001 pe
943 3931 1026 4002 spealr
1040 3931 1307 4005 wiehedlylorGodt

213 4005 280 4061 hare
297 4006 365 4062 heeu
385 4007 514 4079 suffering
535 4008 631 4063 iroma
647 4008 744 4063 loolish
784 4007 838 4064 and
870 4011 927 4064 talk
960 4009 1112 4084 deceitiully
1144 4012 1187 4068 lor
1215 4010 1310 4068 himr”

213 4085 268 4140 sear
291 4087 343 4140 lest
367 4085 488 4157 Geology
512 4086 609 4141 should
635 4087 744 4141 subvert
785 4089 878 4145 Eacou
891 4089 983 4144 makes
995 4108 1012 4143 a
1023 4089 1125 4144 similar
1137 4090 1309 4164 qnotadmiu

212 4164 260 4219 the
278 4163 363 4268 guith.
400 4171 418 4195 ‘⁸
430 4165 565 4220 Rimantcs
585 4176 684 4220 secreta
703 4165 743 4220 di·
784 4169 830 4224 tha
851 4168 1052 4224 Adraneement
1075 4169 1107 4223 ol
1125 4169 1258 4242 learning
1275 4170 1309 4240 (p.

213 4242 495 4377 bllaf‘a'lll‘pl
509 4247 746 4395 llmilsstt
786 4246 1309 4383 :dalthtlldtltltlli

213 4399 291 4455 those
315 4400 407 4473 things
431 4399 519 4456 which
542 4400 576 4456 ha
605 4403 670 4458 bath
698 4414 747 4459 not
786 4404 853 4460 erl
870 4423 925 4477 you
942 4406 976 4460 lia
993 4405 1035 4460 for
1053 4404 1167 4471 (indas
1185 4424 1236 4463 ona
1252 4421 1308 4462 men

213 4480 306 4535 seen.”
787 4486 839 4540 ussi
869 4484 904 4539 do
939 4485 981 4539 ior
1009 4483 1122 4540 another
1156 4495 1185 4541 to
1220 4483 1308 4560 gratlly

249 4558 275 4598 ’θ
291 4558 366 4623 This,
384 4558 497 4614 without
516 4558 598 4633 being
615 4578 650 4616 an
670 4572 745 4619 exact
785 4562 885 4619 hlml”

214 4637 397 4710 quotation,is
413 4639 494 4694 taken
508 4638 576 4695 lronr
588 4639 644 4696 Job
655 4642 710 4699 xiii.
719 4657 745 4715 7.
821 4641 847 4684 ω
864 4641 908 4699 Cf.
921 4640 991 4698 Λᾶν.
1004 4641 1035 4698 oi
1044 4642 1188 4716 learning,
1199 4643 1274 4717 pdg
