2708 5226
220 564 266 632 46
548 559 723 626 Novum
746 557 996 625 ORGANUM.
1136 502 1141 515 Ι

221 725 377 799 salutme
402 725 595 797 admodum
624 733 689 806 est,
716 724 746 795 si
776 730 898 795 mente
925 722 1043 794 sobria
1071 722 1156 794 fidei
1183 731 1302 794 tantm

222 843 355 916 dentur
369 865 453 935 quae
468 841 552 913 fidei
569 849 655 912 sunt
665 837 703 910 ¹⁵.

272 1055 324 1128 Et
346 1058 392 1129 de
413 1056 516 1129 malis
539 955 1150 1149 gumfimlffilbhflmphm,
1165 1079 1244 1150 quse
1257 1064 1309 1128 ut

222 1175 260 1245 in
275 1171 473 1273 mlporibas
489 1170 696 1256 notionibus,
711 1181 777 1244 aut
793 1173 833 1244 iu
849 1172 975 1266 paucis
989 1173 1246 1268 ceperim,
1259 1182 1311 1245 act

222 1293 260 1363 in
275 1291 517 1387 superstitione
532 1290 689 1361 inundate
705 1298 799 1373 sunt,
813 1291 891 1382 Jam
914 1289 1053 1361 dicmur
1074 1301 1146 1362 est.
1196 1288 1312 1363 Dicen-

223 1408 309 1480 dum
325 1431 430 1502 porro
446 1417 502 1481 est
518 1406 614 1478 etde
628 1407 757 1478 vitiosa
770 1406 921 1477 materia
935 1402 1311 1500 contemplationuml,

222 1525 415 1620 presertim
436 1525 474 1594 in
493 1521 718 1617 philosophia
734 1521 900 1594 naturali.
951 1522 1120 1594 Inficitur
1134 1533 1257 1597 autem
1270 1525 1314 1595 in-

223 1640 390 1712 tellectus
419 1640 593 1711 humanus
621 1661 668 1710 ex
697 1639 831 1710 intuitu
861 1661 995 1720 eorum,
1022 1662 1103 1732 quse
1129 1641 1169 1711 iu
1193 1640 1314 1713 utiba

222 1757 436 1828 mechanicis
458 1755 560 1838 fiunt,
581 1755 767 1848 inquibus
792 1777 940 1849 corpora
962 1777 1027 1848 per
1051 1757 1314 1850 compositiones

222 1882 287 1945 aut
307 1872 546 1965 separationes
568 1880 611 1941 ut
633 1870 826 1963 plurimum
845 1870 1044 1943 alterantur
1053 1868 1105 1958 ¹⁷3
1132 1881 1178 1944 ut
1191 1874 1314 1968 cogitet

222 1988 338 2061 simile
356 1987 525 2080 quiddam
548 1989 658 2058 etiam
681 1988 718 2058 in
742 1996 868 2059 natura
889 2009 1009 2059 rerum
1028 1988 1223 2063 universali
1237 1989 1312 2061 lieri

224 2105 333 2178 Unde
365 2104 473 2176 fluxit
505 2113 747 2175 commentum
780 2103 870 2176 illud
903 2102 1181 2191 elementorum,
1210 2107 1314 2200 deque

222 2221 364 2293 illorum
395 2243 579 2303 concursu,
607 2221 653 2291 ad
682 2219 931 2292 constituendo
962 2242 1112 2314 corpora
1140 2221 1313 2294 naturalia

224 2338 371 2424 Rursus,
394 2360 504 2432 quum
532 2337 639 2408 homo
664 2345 798 2408 naturus
823 2336 1027 2408 libertatem
1051 2339 1313 2434 contemplatur,

222 2456 351 2527 incidit
374 2457 411 2525 in
433 2454 569 2547 species
591 2475 719 2536 rerum,
741 2451 959 2535 animalium,
982 2451 1199 2546 plantarum,
1216 2457 1314 2527 mine·

224 2571 373 2656 ralium;
409 2571 505 2643 uude
532 2568 636 2640 facile
663 2571 702 2639 in
728 2592 809 2641 enm
835 2568 967 2640 labitur
992 2571 1260 2664 cogitationem,
1281 2580 1314 2641 ut

224 2688 407 2759 existimet
434 2708 511 2757 esee
542 2685 580 2755 in
607 2694 735 2756 nature
759 2685 929 2778 quasdam
957 2685 1088 2758 formes
1112 2710 1233 2759 remm
1256 2688 1314 2782 pri·

224 2804 361 2884 marine,
382 2824 469 2894 quas
492 2810 619 2872 nutura
643 2800 797 2873 educere
822 2800 990 2885 molitnr;
1019 2810 1130 2895 etque
1155 2803 1314 2897 reliquam

223 2919 432 2989 varietatem
458 2941 504 2988 ex
529 2917 797 3010 impedimentis
823 2926 860 2987 et
883 2917 1169 2991 aberrationibus
1192 2929 1315 2992 naurs

224 3037 262 3105 in
279 3056 387 3127 opere
404 3056 467 3104 suo
484 3033 715 3117 conficiendo,
732 3043 797 3105 aut
819 3056 866 3103 ex
889 3033 1107 3106 diversarum
1130 3038 1316 3131 specierum

225 3149 394 3220 conflictu
406 3145 442 3231 ¹⁸,
461 3158 499 3219 ct
520 3149 836 3243 transplantatione
853 3148 999 3221 alterius
1015 3152 1053 3220 in
1070 3150 1233 3235 alterum,
1248 3174 1318 3248 pro·

262 3318 286 3358 ¹⁶
303 3318 468 3373 Adusiouto
480 3316 754 3372 St.Mrtth.xxii.ar.
796 3315 878 3372 belief
895 3317 923 3371 in
944 3322 963 3349 “
975 3317 1093 3389 primery
1112 3318 1230 3374 forms?
1269 3317 1319 3372 lte

226 3397 342 3453 Baccn’s
370 3396 445 3451 mind
473 3396 569 3467 clearly
594 3395 675 3450 could
700 3394 755 3450 dis·
795 3396 895 3451 former
909 3395 984 3451 leads
999 3395 1319 3469 suetudinem

224 3495 305 3548 pense
317 3475 382 3530 with
394 3474 598 3547 “Myrtoum'’
612 3483 660 3528 act
672 3474 755 3546 deny·
795 3473 830 3529 nd
849 3475 999 3539 atomum,”
1015 3473 1104 3530 which
1122 3485 1200 3531 must
1217 3475 1252 3532 be
1267 3492 1319 3548 μο-

223 3556 321 3627 inger
338 3554 514 3625 disbelieving
532 3553 614 3618 thom,
633 3553 684 3609 but
701 3563 754 3608 sot·
796 3552 932 3623 supposed
952 3554 995 3609 lor
1013 3553 1053 3608 it:
1079 3552 1126 3608 the
1146 3555 1227 3610 btter
1244 3557 1320 3610 inec·

224 3632 457 3706 tingthemaeide.
481 3632 755 3703 lnthie(eeiumany
796 3630 1320 3703 duccs“occnltpropertiet‘’&e.‚vitll

224 3712 301 3767 other
311 3711 414 3782 points)
422 3710 456 3765 lie
464 3711 548 3765 forms
560 3728 577 3765 e
588 3720 683 3781 strong
690 3727 756 3765 cou-
795 3710 883 3766 which
889 3709 1320 3784 tthchclnsticphyriessomml

223 3798 289 3844 trost
315 3798 344 3844 to
372 3789 415 3842 his
443 3797 626 3860 cotemporury
653 3788 696 3843 Sir
720 3789 754 3843 T.
795 3788 953 3845 abcunded:
973 3789 1320 3862 seetheendoithirdph·

225 3867 348 3930 Browne,
360 3865 451 3920 whose
465 3866 542 3921 mind
559 3866 664 3922 scemcd
680 3876 754 3922 acta·
834 3867 856 3908 ¹⁷
871 3867 1047 3923 'l'hislormer
1054 3866 1321 3943 tendencyiscaussd

224 3944 755 4018 allytorequireMystericseaapurt
795 3947 1323 4019 byscdngmmdogybsmllc

224 4025 255 4079 ol
276 4025 311 4078 its
335 4039 475 4094 necessary
493 4032 659 4080 metemus.
696 4023 753 4080 Rel.
795 4026 915 4082 chanicnl
924 4025 1322 4100 ermintheir‘fflynshn’·

224 4102 299 4158 Med.
312 4101 402 4157 ch.ix.
795 4104 849 4160 and
865 4104 912 4159 the
927 4104 1078 4175 operatione
1095 4104 1127 4159 oi
1140 4104 1324 4162 edentiflcln·

262 4181 285 4221 ¹⁶
298 4181 365 4236 'l'nis
379 4178 517 4235 inultiaess
531 4179 560 4234 in
574 4179 620 4234 the
632 4185 756 4237 “mutter
795 4185 913 4240 sunnon.
944 4182 988 4239 cf.
1006 4183 1043 4238 D.
1056 4183 1195 4240 Stevrrt's
1214 4185 1283 4242 mm
1297 4182 1325 4240 cl

223 4261 254 4315 os
263 4258 573 4329 ourContomplutions”
581 4259 663 4314 susce
672 4260 755 4315 either
795 4262 841 4319 the
855 4262 967 4317 llnmnn
978 4261 1068 4326 Minci,
1082 4261 1188 4319 latrod.
1198 4262 1239 4319 11.
1250 4265 1301 4334 §n

223 4339 293 4395 lrom
311 4355 362 4394 our
380 4334 529 4409 dclightiug
544 4345 573 4391 to
587 4338 673 4393 wouh
684 4339 755 4395 what
833 4341 858 4380 ¹0
872 4340 939 4396 Thia
956 4341 1145 4397 “conflictus''
1158 4343 1192 4398 of
1205 4342 1323 4399 dim

223 4420 247 4475 is
271 4416 421 4493 Synthetic,
445 4432 477 4470 or
498 4415 569 4470 from
592 4433 609 4469 a
631 4416 691 4473 love
712 4419 756 4474 ior
796 4420 978 4475 “Forma'’is
993 4438 1009 4476 ι
1024 4419 1321 4493 difficultywlsiohdrl·

222 4494 754 4568 suchAnelyticspcculaliousustorhc
794 4500 873 4555 stotle
892 4499 922 4553 in
942 4499 989 4554 the
1008 4499 1076 4555 Met
1095 4510 1226 4573 suggests
1243 4519 1273 4558 ιι
1288 4514 1320 4556 re

222 4578 362 4650 “specics
380 4573 493 4629 rerum'’
512 4590 542 4629 ns
563 4583 592 4629 to
610 4575 669 4631 lead
689 4585 718 4631 to
737 4595 753 4633 ι
793 4577 1260 4650 objoeucntothcl’luculcvim
