2708 5226
470 553 559 618 LIB.
576 553 606 619 Ι.
621 555 673 629 61,
690 556 741 619 62.
1117 557 1162 626 39

55 716 232 808 perfectus
265 715 498 802 describatur,
530 717 688 789 multum
723 726 779 790 est
818 717 855 788 in
890 717 1090 789 constantia
1123 728 1162 790 et

55 833 313 905 exercitatione
338 856 475 915 manus,
502 835 528 904 si
556 835 690 906 linter
717 835 751 903 vi
778 857 905 905 manus
930 835 1080 928 propria,
1107 836 1162 906 sin

54 956 176 1020 autem
193 948 408 1020 adhibeatur
424 950 555 1044 regula,
571 959 635 1022 aut
652 951 813 1035 circinus,
831 973 956 1043 parum
974 961 1037 1022 eut
1053 951 1163 1032 nihil;

54 1066 201 1136 omnino
217 1064 342 1136 similis
358 1074 414 1136 est
432 1075 552 1137 nostra
572 1065 674 1137 ratio.
727 1065 831 1138 Licet
855 1073 976 1138 autem
1001 1067 1165 1139 confuta·

54 1182 195 1253 tionum
217 1181 484 1275 particularium
509 1180 630 1252 nulius
653 1183 699 1252 sit
720 1204 825 1265 usum
851 1182 897 1253 de
918 1182 1023 1252 sectis
1040 1190 1162 1255 tamen

54 1305 93 1368 et
115 1296 308 1392 genenbus
331 1297 535 1389 hujusmodi
558 1297 775 1368 theoriarum
793 1296 953 1368 nonnihil
972 1297 1162 1369 dicendum

55 1422 126 1498 est3
146 1422 257 1507 atque
275 1414 384 1484 etiem
403 1412 509 1505 paulo
526 1423 607 1507 post
624 1413 670 1485 de
687 1414 795 1508 signis
810 1412 1054 1495 exterioribus,
1068 1413 1163 1507 quod

54 1552 93 1602 se
115 1529 211 1602 male
232 1529 410 1610 bubeant;
437 1539 476 1600 et
497 1536 677 1622 postremo
696 1529 742 1601 de
760 1530 873 1601 causis
890 1536 998 1600 tantm
1014 1530 1165 1602 infelici-

54 1648 152 1730 tatis,
170 1655 210 1718 et
225 1655 300 1718 tum
319 1647 479 1718 diuturni
503 1655 542 1717 et
564 1646 740 1740 generalis
760 1646 797 1715 in
815 1668 931 1717 errore
949 1667 1163 1733 consensum

55 1771 98 1835 ut
114 1764 161 1835 ad
178 1785 263 1835 vera
284 1763 403 1834 minus
426 1761 579 1834 difficilis
602 1762 648 1832 sit
670 1762 799 1845 aditus,
819 1771 857 1833 et
878 1762 1081 1836 intellectus
1097 1764 1164 1834 bu-

55 1901 184 1950 mnnus
201 1876 379 1949 volentius
395 1887 625 1972 expurgetur,
643 1889 681 1950 et
700 1875 794 1949 idola
811 1878 981 1950 dimittat.

107 2187 213 2261 Idolo
234 2185 370 2271 mentm,
388 2190 462 2261 sive
485 2190 713 2272 theorinrnm,
736 2188 850 2260 multa
872 2198 966 2272 sunt,
987 2199 1025 2260 et
1048 2190 1164 2261 multo

56 2307 160 2401 plura
185 2328 263 2377 esse
288 2315 447 2398 possunt,
465 2316 503 2376 et
525 2305 716 2398 aliquando
742 2305 890 2376 fortasse
914 2315 1029 2376 erunt.
1082 2304 1163 2378 Nisi

57 2425 167 2507 enim,
193 2443 258 2515 per
284 2421 399 2492 multa
422 2422 498 2512 jam
525 2422 665 2505 saeoula,
692 2421 876 2492 hominum
904 2421 1046 2515 ingenia
1071 2421 1165 2493 circa

57 2540 266 2635 religionem
301 2545 339 2607 et
376 2535 593 2630 theologiam
632 2545 804 2629 occupata
839 2537 1013 2622 fuissent;
1055 2545 1163 2629 etque

58 2658 168 2728 etiam
195 2652 333 2748 politiae
359 2651 479 2723 civiles
502 2640 709 2745 (prasertim
734 2653 959 2741 monarchiae)
980 2652 1026 2724 ab
1047 2653 1166 2725 istius·

57 2773 155 2844 modi
182 2769 411 2850 novitatibus,
439 2768 549 2839 etiam
580 2768 617 2837 in
647 2767 1017 2863 contemplationibus,
1044 2779 1165 2841 essent

58 2883 253 2972 aversae913
282 2895 324 2956 ut
346 2907 429 2956 oum
455 2883 613 2977 periculo
639 2894 678 2957 et
703 2885 918 2957 detrimento
941 2885 1163 2958 fortunarum

59 3026 203 3077 suarum
220 3003 257 3073 in
274 3001 352 3072 illas
369 3000 530 3072 homines
550 3001 769 3084 incumbant,
787 3024 859 3072 non
882 3002 995 3074 solum
1019 3004 1164 3097 proemio

59 3120 237 3204 destituti,
266 3118 329 3188 sed
363 3118 471 3189 etium
501 3119 724 3213 contemptui
754 3128 792 3190 et
822 3119 961 3189 invidiae
991 3121 1164 3212 expositi;

59 3236 262 3332 complures
282 3232 360 3304 aliae
383 3232 615 3326 proculdubio
640 3232 938 3326 pbilosophiarum
957 3243 995 3306 et
1012 3236 1165 3307 theoria-

59 3376 136 3424 rum
156 3357 272 3432 secta,
289 3346 423 3419 similes
439 3347 519 3433 illis,
537 3371 613 3439 qnae
630 3370 760 3442 magna
777 3350 948 3419 verietate
966 3347 1051 3419 olim
1068 3350 1162 3442 apud

59 3469 206 3542 Graecos
235 3463 442 3546 floruerunt,
472 3464 684 3535 introducta
714 3463 873 3535 fuissent.
925 3463 1165 3548 Quemadmo-

59 3585 145 3657 dum
164 3581 262 3654 enim
279 3602 386 3674 super
397 3575 624 3673 plsoenomeno
642 3579 783 3651 sotheris
800 3580 901 3672 plura
918 3577 1065 3650 themata
1081 3580 1164 3651 coeli

59 3698 214 3791 confingi
238 3704 406 3789 possuut3
433 3694 606 3777 similiter,
624 3706 662 3767 et
679 3694 794 3766 multo
811 3697 932 3791 magis,
951 3718 1056 3789 super
1065 3693 1165 3791 plta-

58 3835 205 3888 uomcuu
229 3810 459 3907 philosophice
483 3811 623 3883 fundari
650 3821 799 3904 possunt
821 3821 859 3884 et
882 3810 1051 3883 constitui
1069 3813 1165 3885 varie

59 3931 239 4027 dogmata.
303 3925 427 4020 Atque
463 3927 665 4019 hujusmodi
702 3924 829 4000 theatri
863 3926 995 4000 fabulae
1029 3926 1164 4000 hubent

58 4048 168 4119 etiam
194 4043 295 4127 illud,
319 4044 414 4137 quod
440 4045 475 4115 in
504 4043 645 4115 theatro
672 4053 856 4137 poetarum
882 4066 947 4115 usu
971 4045 1091 4129 venit3
1121 4053 1164 4115 ut

56 4163 278 4236 narrationes
302 4160 395 4230 fictus
420 4162 465 4231 ed
491 4182 633 4231 scenam
660 4161 919 4233 narrationibus
945 4182 991 4232 ex
1017 4159 1163 4232 historia

89 4404 112 4444 ⁹¹
131 4403 200 4460 Just
223 4418 253 4456 us
277 4417 343 4456 cren
367 4398 522 4455 northern
545 4415 590 4453 ure
629 4397 683 4453 hed
700 4398 728 4452 in
744 4397 787 4454 his
803 4398 878 4454 mind
894 4399 940 4455 tho
955 4397 1121 4470 persecutioni
1134 4398 1165 4452 oi

56 4475 590 4548 thoceioundwboonpoliticnigrounds
631 4476 741 4533 Gnlileo.

55 4555 337 4632 objeottoeduoation.
367 4555 485 4626 Perhaps
497 4554 590 4610 Boron
