2708 5226
215 563 280 626 100
541 551 715 619 NOVUM
737 550 986 617 ORGANUM.

210 746 331 798 rursus
347 743 440 793 nora
457 719 684 812 particularia
701 718 860 790 iudicent
878 725 916 788 et
932 716 1133 809 designent.
1181 713 1300 807 Neque

211 843 309 914 enim
333 840 369 908 in
393 835 501 930 plano
520 836 576 905 via
598 836 667 906 sita
690 843 754 917 est,
771 834 834 904 sed
859 831 1093 914 ascendendo,
1112 841 1152 902 et
1168 832 1304 903 descen·

213 956 355 1039 dend03
386 950 613 1024 ascendendo
638 951 753 1043 primo
778 949 824 1020 ad
848 950 1039 1032 axiomata,
1064 949 1305 1020 descendendo

213 1073 259 1146 ad
276 1092 393 1166 opera.

695 1207 829 1284 CIV25.

265 1349 397 1443 Neque
424 1358 547 1420 tamen
578 1347 860 1441 permittendum
890 1355 956 1430 est,
986 1355 1028 1416 ut
1057 1345 1310 1418 intellectuat

214 1465 486 1561 particularibus
511 1463 557 1536 sd
581 1465 763 1535 axiomata
787 1471 925 1533 remota
947 1470 986 1533 et
1002 1464 1104 1556 quasi
1128 1461 1310 1557 generalis

215 1584 305 1654 sima
323 1579 457 1673 (qualia
477 1587 562 1650 sunt
585 1578 769 1671 principia,
787 1600 865 1669 quae
883 1588 1021 1660 vocant,
1038 1581 1184 1662 artium,
1201 1590 1240 1650 et
1263 1603 1312 1650 re·

215 1698 310 1788 rum)
328 1696 432 1768 saliat
449 1705 487 1765 et
504 1694 622 1777 rolet3
648 1703 688 1764 et
713 1693 759 1766 ad
776 1716 900 1765 eorum
923 1695 1110 1765 immotam
1129 1697 1312 1767 vamtatem

215 1813 395 1885 axiomata
420 1811 538 1881 media
562 1810 701 1903 probet,
718 1818 758 1880 et
779 1809 969 1902 expediat:
995 1811 1092 1903 quod
1110 1812 1230 1884 adhuc
1247 1813 1313 1883 fao

217 1940 296 1999 tum
313 1935 378 2012 est,
396 1948 508 2019 prono
529 1926 575 1996 ad
597 1924 665 1996 hoc
685 1925 826 2017 impetu
848 1924 1000 1996 naturali
1026 1925 1249 2010 intellectus,
1265 1937 1314 1997 at-

218 2067 289 2140 que
303 2046 414 2115 etiam
430 2042 476 2115 ad
492 2041 560 2113 hoc
577 2043 695 2134 ipsum
711 2064 775 2134 per
786 2042 1119 2126 demonstrationes,
1133 2067 1215 2135 quae
1227 2043 1313 2114 liunt

216 2183 282 2255 per
296 2159 549 2254 syllogismum,
561 2157 780 2251 jampridem
797 2157 925 2229 edocto
942 2165 980 2227 et
996 2157 1208 2230 assuefacto.
1247 2157 1314 2229 Sed

218 2278 264 2350 de
287 2276 448 2350 scientiis
473 2282 552 2345 tum
575 2272 720 2344 demum
745 2273 838 2346 bene
863 2272 1076 2366 sperandum
1093 2283 1162 2358 est,
1178 2275 1315 2367 quando

217 2392 430 2490 peraculum
447 2413 579 2473 reram,
596 2398 636 2462 et
651 2410 716 2482 per
730 2389 862 2484 gradus
886 2391 1086 2472 continuos,
1106 2399 1146 2461 et
1171 2413 1243 2462 non
1268 2393 1315 2460 in·

218 2512 412 2595 termissus,
435 2513 500 2578 aut
524 2507 673 2589 hiulcos,
695 2529 716 2577 a
741 2504 1011 2598 particularibus
1036 2507 1252 2578 ascendetur
1276 2508 1315 2577 ad

218 2628 399 2698 axiomata
424 2623 571 2707 minora,
588 2631 627 2692 et
644 2619 775 2695 dende
800 2622 845 2692 ad
870 2621 999 2704 media,
1017 2620 1088 2692 alia
1113 2621 1193 2693 aliis
1219 2646 1316 2715 supe

219 2745 321 2826 riora,
339 2752 378 2813 et
400 2749 579 2834 postremo
600 2739 749 2810 demum
774 2738 820 2809 ad
845 2737 1120 2831 generalissima.
1174 2738 1316 2811 Etenim

220 2860 400 2930 axiomata
415 2856 538 2926 infima
555 2878 626 2925 non
643 2854 799 2924 multum
822 2854 867 2924 ab
885 2855 1107 2946 experientia
1132 2857 1231 2927 nuda
1252 2857 1317 2927 dis-

221 2983 377 3067 crepant.
429 2970 604 3064 Suprema
620 2993 702 3042 vero
720 2969 781 3041 illa
797 2978 836 3041 et
852 2969 1116 3063 generalissima
1139 2973 1236 3063 (quae
1261 2971 1318 3041 ha-

221 3089 368 3181 bentur)
400 3083 628 3158 notionalia26
650 3095 744 3170 sunt,
769 3095 808 3158 et
834 3085 1022 3168 abstracta,
1046 3094 1086 3156 et
1111 3087 1163 3156 nil
1189 3085 1318 3156 habeut

222 3206 337 3279 solidi.
387 3204 441 3276 At
457 3203 576 3274 medis
592 3212 676 3274 suut
692 3204 874 3274 axiomata
890 3201 952 3271 illa
970 3223 1064 3283 vera,
1081 3210 1119 3271 et
1145 3201 1268 3286 solida
1284 3211 1318 3273 et

223 3321 315 3403 vivs,
329 3320 368 3391 in
384 3319 514 3412 quibus
539 3318 706 3388 hnmanae
731 3339 786 3388 res
813 3326 851 3386 et
876 3315 1026 3386 fortunas
1052 3315 1130 3385 sitae
1155 3323 1259 3398 sunt3
1284 3322 1318 3384 et

223 3459 328 3531 supra
343 3434 418 3507 haec
436 3455 589 3528 quoque,
603 3433 750 3504 tandem
767 3433 843 3524 ipsa
860 3429 921 3501 illa
936 3429 1221 3524 generalissima;
1240 3429 1319 3501 talia

223 3552 370 3636 scilicet,
384 3573 462 3643 quae
479 3572 551 3621 uon
569 3549 748 3620 abstracta
763 3548 844 3631 sint,
858 3546 919 3617 sed
938 3568 1001 3640 per
1013 3545 1088 3617 haec
1104 3546 1226 3618 media
1242 3567 1319 3617 vere

224 3669 437 3740 limitantur.

261 3874 287 3914 ²⁶
303 3873 370 3929 'l'his
388 3870 535 3943 Aphorism
552 3870 576 3924 is
594 3886 646 3924 oue
663 3871 695 3924 oi
709 3869 756 3924 the
797 3885 884 3941 posse
896 3877 1011 3922 statuere
1023 3867 1199 3924 debemusl”

225 3961 298 4008 most
308 3952 454 4022 important
465 3949 494 4002 iu
507 3947 552 4002 tho
564 3947 651 4002 whole
662 3949 693 4002 of
703 3948 756 4002 Ba·
832 3945 858 3986 „
870 3946 1034 4011 thioscls'c,
1042 3949 1158 4002 “notio’'
1166 3948 1189 4003 is
1197 3948 1320 4003 ahvour·

226 4029 406 4093 cou'aworlss5
416 4025 757 4098 althoughperhsps“phy·
798 4027 833 4080 ite
846 4023 993 4080 Scholastic
1001 4025 1092 4080 Tarm.
1112 4025 1186 4080 llere
1197 4027 1219 4080 it
1230 4025 1321 4095 simply

227 4109 291 4164 sicel
304 4104 494 4177 Investigation
509 4103 558 4158 has
573 4121 634 4158 now
644 4103 685 4159 far
696 4113 757 4159 out·
797 4120 890 4158 meam
901 4102 1048 4175 “residing
1062 4104 1091 4158 in
1103 4103 1150 4158 the
1167 4104 1320 4175 oeuceptiou

227 4182 512 4257 growutheBaoonian
518 4182 709 4253 conceptiones
712 4183 757 4238 lu·
798 4182 830 4237 ol
848 4182 936 4236 men's
965 4182 1056 4237 minda
1085 4183 1175 4238 rather
1203 4182 1269 4237 then
1296 4182 1322 4234 iu

227 4262 368 4319 duction.''
380 4261 477 4330 (Mill’s
484 4259 550 4331 [og.
564 4260 616 4314 Bln
624 4259 676 4315 111.
689 4278 712 4316 c.
720 4279 758 4316 nr
798 4259 891 4330 things
911 4277 940 4315 ss
960 4260 1024 4332 they
1044 4261 1117 4316 sre.''
1154 4261 1207 4316 For
1225 4279 1241 4315 a
1260 4257 1324 4315 br'el

229 4344 295 4414 52.)
325 4339 390 4396 And
401 4338 448 4395 did
460 4339 495 4393 hs
505 4348 554 4394 not
566 4356 637 4394 seem
648 4348 678 4393 to
689 4339 757 4395 lore·
799 4348 913 4394 soccum
931 4339 962 4394 ol
978 4339 1053 4395 these
1071 4345 1090 4371 ‘⁸
1100 4339 1241 4412 Arbitsary
1257 4338 1321 4394 Uni·

229 4440 273 4478 see
286 4420 341 4476 this
355 4417 433 4474 when
451 4417 485 4472 he
498 4426 580 4472 wrote
597 4426 625 4471 at
642 4416 688 4472 the
705 4417 757 4474 end
798 4417 916 4474 verssls’'
935 4435 979 4472 see
1000 4418 1037 4473 D.
1050 4417 1187 4474 stewart’s
1209 4417 1277 4473 Phil.
1297 4414 1323 4470 ol

229 4500 261 4557 οἱ
275 4499 329 4555 this
350 4507 392 4554 rat
410 4496 487 4553 Bools
507 4495 543 4563 (1.
559 4496 621 4566 130)
636 4500 655 4526 ‘¹
664 4496 757 4551 Artem
798 4495 844 4551 the
856 4494 969 4552 numm
981 4497 1070 4563 Minci,
1082 4503 1144 4569 part
1156 4497 1180 4553 l.
1198 4496 1277 4569 ehsp.
1289 4496 1320 4550 ir.

229 4576 382 4636 inveniendi
397 4592 460 4633 cum
477 4574 591 4631 iuveufis
608 4571 757 4631 adolescere
799 4573 855 4644 to.
