2708 5226
130 559 174 622 20
459 555 633 622 NOVUM
657 552 912 620 ORGANUM.

132 729 270 791 mentes
286 721 471 790 hominum
495 720 546 789 ita
564 719 739 801 obsident,
758 729 800 788 ut
819 717 969 788 veritati
988 717 1105 788 aditus
1119 716 1214 787 diffici-

132 836 174 907 lis
191 846 332 929 pateat;
359 836 421 906 sed
440 837 549 906 etiam
568 837 651 906 dato
669 844 707 905 et
725 856 895 906 concesso
915 834 1035 916 aditu,
1051 832 1111 904 illa
1124 855 1215 904 rursus

132 954 168 1022 in
191 955 267 1045 ipsa
289 953 546 1023 instauratione
567 952 794 1023 scientiarum
816 960 1023 1032 occurrent,
1040 960 1079 1021 et
1094 949 1216 1021 moleste

132 1078 258 1150 erunt;
291 1069 356 1138 nisi
382 1069 543 1138 homines
570 1066 767 1160 praemoniti
791 1066 966 1137 adversus
992 1089 1037 1136 ea
1060 1088 1108 1149 se,
1130 1088 1217 1159 qum·

134 1194 209 1255 tum
229 1185 303 1255 fieri
323 1193 451 1277 potest,
469 1178 684 1253 muniant-³⁷.

183 1418 347 1502 Quatuor
364 1426 447 1487 sunt
462 1312 792 1509 genemlhdlhllgrlrh,
809 1437 889 1506 quae
906 1422 1054 1485 mentes
1071 1413 1218 1484 humanas

131 1535 306 1606 obsident.
359 1533 409 1602 lis
427 1533 592 1624 (docendi
603 1532 739 1627 'gratiat
756 1530 901 1600 nomina
916 1531 1167 1624 imposuimus;
1187 1539 1218 1598 ut

132 1653 285 1744 primum
312 1672 435 1743 genus,
463 1644 556 1719 idolo
582 1645 713 1726 tridua·
743 1647 953 1729 secundum,
981 1644 1079 1717 idolo
1101 1667 1219 1742 spectu

133 1768 291 1847 tertium,
310 1763 492 1859 idolofori
503 1789 514 1842 ‚·
540 1774 715 1855 quartum,
735 1759 827 1833 idolo
846 1759 989 1847 theatri,
1007 1776 1182 1834 voceutm.

639 1895 722 1966 XL.

183 1998 365 2068 Excitatio
391 1998 576 2066 notionum
602 2005 641 2066 et
666 1998 886 2066 axiomaturn
916 2017 982 2087 per
1008 1994 1220 2067 inductionem
1261 1976 1265 2123 ι

132 2137 251 2185 veram
272 2123 327 2184 est
349 2123 446 2183 certe
472 2114 654 2205 proprium
679 2110 877 2182 remedium
901 2110 947 2180 ad
970 2109 1069 2183 idolo
1090 2112 1222 2183 arocudt
1262 2126 1265 2221 t

131 2241 169 2303 et
191 2231 468 2312 summovenda3
496 2229 557 2299 sed
582 2238 702 2299 tamen
726 2228 897 2298 indicatio
920 2225 1099 2299 ιἰἰοιοηιιιι
1121 2228 1222 2323 magni
1263 2232 1265 2295 l

133 2358 187 2418 est
212 2369 307 2417 usus.
360 2344 533 2414 Doctrina
558 2345 652 2412 enim
680 2344 726 2413 de
752 2340 856 2412 idolis
881 2342 1051 2415 similiter
1072 2366 1112 2416 se
1133 2342 1224 2415 habet
1263 2340 1265 2377 ²

131 2463 175 2532 ad
196 2459 507 2552 interpretationem
526 2467 672 2539 notum,
691 2459 783 2528 sicut
800 2458 961 2528 doctrina
979 2459 1026 2531 de
1044 2459 1225 2552 sophistici·

132 2577 289 2647 elenchis
307 2575 351 2644 ad
371 2572 592 2642 dialecticam
611 2572 791 2665 vulgarem
801 2571 840 2642 ³⁸.

182 2819 322 2892 Ιιίοίιι39
348 2817 457 2890 trihus
482 2827 565 2887 sunt
586 2717 734 2890 fullltla
757 2822 793 2890 in
818 2822 893 2914 ipsa
917 2831 1047 2894 natura
1072 2823 1221 2903 humana,

166 3014 191 3055 ⁸⁷
210 3015 236 3070 lt
262 3016 284 3068 ie
309 3012 412 3084 worthy
437 3013 468 3066 of
493 3013 579 3066 notice
604 3011 661 3065 that
737 3013 763 3052 ³⁸
780 3014 820 3067 As
832 3013 877 3066 the
890 3013 975 3084 Soph.
988 3015 1031 3070 El.
1044 3016 1167 3073 attacked
1178 3033 1224 3072 etr·

132 3092 205 3149 Friar
227 3093 318 3148 Bacon
342 3093 390 3146 bas
415 3091 522 3161 pointed
544 3101 592 3144 out
615 3091 661 3145 tho
702 3092 757 3144 tain
775 3091 907 3162 quibbles,
921 3092 976 3146 and
994 3095 1102 3151 cleared
1118 3096 1163 3151 the
1178 3112 1225 3166 ny

131 3191 223 3228 causes
248 3173 278 3226 ol
298 3188 372 3226 error
395 3188 424 3224 ae
448 3171 544 3240 clearly
565 3187 594 3223 as
618 3168 660 3222 his
702 3169 744 3222 sor
755 3169 905 3234 Dialectics,
918 3169 955 3242 by
966 3173 1075 3245 getting
1089 3174 1172 3230 ridol
1179 3191 1224 3228 aru·

129 3252 275 3307 illustrious
293 3266 432 3305 successor
447 3248 499 3301 and
519 3248 661 3301 namesake
702 3246 835 3316 biguities,
855 3248 914 3312 dre,
935 3266 966 3303 so
987 3250 1043 3304 thir
1066 3262 1126 3323 part
1145 3252 1175 3308 ot
1189 3250 1225 3306 tlte

129 3331 178 3386 has
191 3330 269 3394 done,
282 3331 310 3384 in
322 3328 367 3383 the
377 3326 455 3398 Opus
466 3327 564 3396 Major,
577 3326 659 3395 cani.
702 3324 773 3378 Nov.
785 3324 851 3395 Org.
865 3326 888 3380 is
900 3326 1029 3383 intended
1042 3338 1073 3384 to
1085 3332 1155 3387 clear
1164 3346 1225 3400 my

129 3418 146 3441 ‘⁴
162 3410 297 3470 Quattuor
309 3425 371 3463 vero
386 3416 449 3461 sunt
462 3405 575 3459 maxime
588 3421 660 3456 com·
702 3404 800 3456 certain
823 3404 972 3476 prejudices
996 3405 1052 3462 aud
1077 3425 1224 3479 preoccupa·

128 3488 317 3561 prehendenda
346 3486 463 3540 veritatis
492 3481 660 3544 offendicula,
702 3481 815 3535 tionsol
824 3483 1225 3549 meu’sminde,soaetomkt

129 3587 188 3640 quae
200 3585 306 3623 omnem
317 3581 503 3638 quemcunque
516 3561 661 3631 sapientem
703 3577 759 3630 way
771 3560 813 3613 sor
826 3561 872 3615 the
886 3561 1049 3618 declaration
1068 3566 1100 3621 ot
1114 3564 1162 3622 the
1176 3574 1224 3619 une

129 3647 293 3716 impediunt:
320 3648 361 3713 (1)
380 3643 481 3713 fragilis
499 3652 525 3694 et
543 3638 660 3708 indignae
703 3638 825 3692 Method.

130 3725 293 3778 auctoritatis
305 3723 471 3792 exemplum:
496 3720 536 3787 (2)
549 3735 661 3771 consue·
736 3716 762 3755 ³⁹
779 3717 864 3771 Idolo.
884 3717 1027 3774 Mereuce
1035 3719 1223 3793 mybemde

130 3801 231 3855 tudinis
246 3800 406 3854 diuturnitas
423 3801 463 3869 (3l
476 3797 550 3866 vulgi
566 3813 661 3850 sensus
702 3794 743 3848 sor
755 3814 771 3848 a
782 3796 848 3848 view
859 3796 890 3849 ol
899 3796 944 3850 the
957 3815 1015 3869 way
1024 3799 1053 3853 in
1062 3798 1223 3856 whimote

130 3879 285 3948 imperitus:
313 3879 354 3943 (4)
374 3878 486 3947 propriae
506 3875 661 3946 ignorantiae
702 3874 802 3933 nritere
821 3883 888 3927 treat
908 3875 954 3929 the
973 3874 1125 3935 Phantome
1142 3878 1173 3934 od
1187 3876 1223 3931 u·

130 3957 271 4010 occultatio
289 3972 352 4008 cum
368 3954 542 4007 ostentatione
558 3953 661 4022 sapien·
703 3951 787 4015 mind,
797 3963 825 4005 to
838 3952 874 4006 D.
884 3951 1021 4008 sanaret
1034 3952 1225 4028 Philosophyd

130 4034 173 4088 tire
183 4034 342 4104 apparentis.
367 4031 437 4085 Nem
449 4031 497 4085 ubi
509 4030 566 4085 haec
576 4030 660 4084 donti-
702 4031 747 4084 the
769 4030 878 4085 Humau
897 4030 986 4091 hlind.
1006 4043 1066 4103 part
1083 4034 1122 4090 Il.
1140 4034 1182 4090 ch.
1194 4032 1222 4088 it

131 4122 238 4175 uantur,
259 4111 331 4164 nulla
352 4110 418 4163 ratio
439 4118 536 4171 moret,
556 4110 661 4162 nullum
703 4118 766 4162 sect.
785 4125 816 4162 a:
848 4127 891 4162 see
915 4110 971 4164 also
995 4110 1042 4166 the
1063 4111 1130 4168 Port
1151 4110 1223 4183 nont

127 4190 173 4260 jus
190 4189 301 4261 judicat,
320 4189 393 4241 nulla
412 4189 453 4241 lex
471 4188 544 4255 ligat,
563 4186 603 4240 las
621 4188 660 4241 lo·
703 4185 793 4256 logie,
807 4186 915 4256 chapter
932 4205 968 4241 on
983 4195 1000 4217 ‘⁴
1012 4189 1069 4244 Dee
1085 4190 1222 4262 sophim

131 4286 193 4322 cum
213 4285 269 4321 uon
288 4265 383 4329 habet;
410 4275 511 4319 naturae
530 4264 661 4319 dictamen
702 4264 1220 4340 d'amour-propred’interhtetdepu·

130 4349 213 4416 perit;
239 4345 318 4399 facies
339 4362 427 4398 rerum
448 4352 575 4406 mutatur,
594 4344 661 4398 ordo
701 4345 797 4408 eion;”
822 4342 1220 4403 andstandandans

129 4423 312 4486 conlunditur,
324 4423 417 4477 vitium
431 4423 563 4492 praevalet,
576 4423 659 4477 iirtus
701 4441 796 4477 course
814 4441 850 4476 on
870 4420 915 4475 the
934 4420 1021 4494 Study
1039 4425 1071 4479 ot
1086 4425 1150 4481 Nat.
1163 4423 1218 4481 ἢῆ

129 4503 317 4573 exstinguitur.
332 4501 432 4556 salsitas
448 4509 550 4570 regnat,
562 4501 659 4554 veritas
701 4502 844 4572 §68—73.

129 4581 313 4637 exsufflatur.''
