2708 5226
125 529 192 596 274
455 526 630 593 NOVUM
653 523 903 592 ORGANUM.

127 691 242 786 primo
267 690 458 786 diligenter
484 691 692 786 inquisitum
719 689 838 774 fuerit,
860 696 990 760 utrum
1022 689 1135 784 pomit
1161 710 1223 760 eme

127 807 209 880 talis
227 808 466 903 heterogenea
483 809 577 879 inter
598 806 781 902 spiritalia,
799 805 916 901 qualis
938 807 1127 878 invenitur
1145 807 1224 877 inter

127 926 280 1020 liquida:
296 947 380 996 uam
397 934 476 996 tum
493 925 639 997 demum
655 924 730 995 haeo
747 923 938 996 simulwrn
954 946 1024 1018 per
1040 924 1223 1019 analogian

126 1066 200 1113 non
216 1043 443 1116 incommode
459 1043 730 1114 substituentur.

177 1157 301 1253 Atque
323 1160 368 1231 de
391 1158 569 1230 imtontiia
591 1159 669 1229 istis
688 1154 926 1254 supplementi,
943 1157 1046 1250 qnod
1071 1158 1223 1239 diximus

127 1277 416 1349 informationem
440 1276 487 1348 ab
511 1276 554 1347 iis
577 1274 811 1347 hauriendam
835 1296 925 1358 ease,
945 1276 1098 1368 quaudo
1122 1275 1223 1347 desint

128 1394 305 1465 instantiae
329 1393 488 1487 proprie,
513 1391 592 1462 loco
613 1388 796 1489 persicci&
819 1390 1062 1464 nibilominus
1087 1391 1223 1486 intelligi

127 1509 301 1592 volumus,
318 1510 414 1603 quod
439 1507 510 1579 illae
532 1508 641 1580 etiam
662 1507 783 1602 magni
807 1508 883 1578 siut
902 1531 1003 1592 usus,
1020 1509 1133 1581 etium
1154 1531 1223 1580 cnm

127 1629 277 1719 propriae
295 1627 473 1698 instantiae
490 1625 627 1712 adsint3
652 1625 699 1696 ad
716 1624 953 1696 roborandum
971 1625 1116 1698 scilicet
1131 1625 1224 1696 infor-

127 1744 322 1814 mationem
345 1765 417 1812 una
439 1764 523 1813 cnm
544 1741 702 1836 propriis.
754 1739 894 1814 Verum
918 1741 969 1812 de
995 1741 1055 1813 his
1079 1743 1223 1814 exactius

127 1858 298 1940 dicemus,
320 1859 463 1950 quaudo
488 1856 534 1929 ud
563 1854 777 1929 adminiculo
803 1854 1025 1930 inductionis
1053 1859 1223 1931 tractanda

127 1995 243 2046 sermo
260 1973 384 2046 ordine
401 1973 579 2046 dilabetur
589 1971 629 2045 ⁴⁹.

607 2189 754 2263 XLIII.

182 2305 284 2377 Inter
296 2307 549 2406 proeroyotiooc
571 2307 829 2393 instantiarum,
844 2331 1026 2404 ponemus
1049 2311 1130 2384 loco
1144 2314 1223 2383 vico·

127 2423 217 2495 simo
243 2423 428 2496 instantior
446 2433 663 2520 pmseoontes
675 2450 688 2507 ;
713 2448 800 2521 quas
824 2426 936 2498 etiam
961 2427 1149 2500 instantior
1169 2425 1223 2500 cel·

127 2539 268 2612 licentes
302 2540 480 2634 appellare
518 2542 777 2626 consuevimus,
812 2542 875 2612 sed
911 2542 1055 2615 diversa
1088 2547 1221 2616 ratione.

137 2656 338 2729 Vellicontes
363 2658 459 2727 enim
485 2681 544 2728 eas
569 2657 800 2751 appellamus,
822 2660 908 2751 quie
935 2659 1108 2732 vellicant
1132 2659 1223 2732 intel·

127 2773 306 2859 tectumffl,
327 2783 554 2869 permeantes,
584 2777 668 2866 quia
697 2784 881 2868 perseeaut
910 2785 1102 2850 naturam:
1140 2778 1222 2848 unde

127 2894 236 2962 etiam
262 2890 340 2961 illas
370 2893 583 2984 quandoque
610 2891 793 2962 instantior
817 2889 1050 2964 Dentocriti51
1077 2897 1222 2968 nomina·

128 3029 216 3076 mus.
269 3006 333 3076 Eae
356 3016 452 3093 sunt,
469 3031 548 3100 quae
571 3008 616 3077 de
639 3008 837 3079 admirabili
862 3018 901 3078 et
918 3013 1103 3102 exquisita
1125 3011 1222 3082 subti-

127 3121 229 3192 litate
260 3132 392 3193 naturoe
419 3123 642 3194 intellectum
671 3125 895 3208 submonent,
922 3134 966 3195 ut
991 3128 1171 3199 excitetur
1192 3135 1223 3196 et

127 3240 390 3333 expergiscatur
412 3241 455 3310 ad
479 3241 727 3323 attentionem,
746 3250 784 3312 et
800 3241 1102 3328 observationem,
1119 3253 1157 3316 et
1178 3245 1223 3312 in·

127 3358 352 3449 quisitiouem
380 3356 547 3428 debitam.
606 3356 773 3450 Exempli
807 3358 943 3449 gratia:
983 3361 1081 3453 quod
1111 3380 1223 3453 purum

126 3477 277 3567 guttulae
299 3473 488 3544 atramenti
505 3473 550 3542 ad
570 3480 625 3543 tot
643 3471 762 3544 literas
779 3472 835 3543 vel
860 3472 972 3545 lineus
992 3478 1224 3556 extendatur;

128 3592 223 3684 quod
242 3599 440 3685 argentum,
459 3591 616 3660 exterius
641 3598 779 3659 tantum
800 3591 1013 3673 inauratum,
1031 3594 1077 3665 ad
1096 3604 1223 3664 mutem

128 3707 388 3801 longitudinem
415 3707 463 3776 iili
496 3706 647 3776 inaurati
673 3709 925 3794 continuetur;
957 3709 1054 3800 quod
1086 3710 1224 3805 pusillus

131 3822 353 3905 vermiculus,
371 3823 484 3916 qualis
507 3823 543 3892 in
561 3834 643 3893 cute
661 3825 850 3904 invenitur,
868 3823 1000 3895 babeat
1017 3828 1056 3896 in
1073 3850 1113 3900 se
1135 3827 1224 3920 spiri-

131 3948 207 4009 tum
238 3938 342 4009 simul
373 3949 411 4011 et
437 3941 586 4034 figuram
614 3940 859 4011 dissimilarem
886 3941 1104 4033 partium⁵²;
1138 3942 1222 4038 quod

163 4178 190 4216 ⁴⁹
208 4177 251 4232 Cs.
269 4197 358 4249 supra,
377 4180 468 4235 Il.21.
504 4180 591 4235 'I'hese
610 4181 657 4235 od·
698 4181 755 4235 tion
772 4185 801 4235 to
819 4179 912 4251 things
928 4181 1018 4238 which
1037 4186 1128 4241 would
1145 4184 1224 4240 othu-

128 4258 251 4311 au'niculo
263 4258 448 4314 weretohave
461 4258 581 4314 followed
594 4269 658 4314 next
698 4260 769 4323 nise,
793 4258 862 4313 from
890 4258 961 4314 their
986 4263 1152 4319 minuteness
1178 4259 1225 4317 und

129 4337 195 4391 uitet
207 4334 252 4390 the
265 4335 433 4405 Prorogative
446 4337 592 4393 Instancee.
699 4339 820 4410 subtilty,
832 4337 899 4392 hore
911 4341 1027 4410 escaped
1039 4360 1092 4397 our
1103 4344 1194 4398 notice

165 4413 190 4454 ⁵⁰
218 4414 354 4469 Instantiae
383 4418 541 4482 vellicantes,
571 4417 657 4472 which
735 4416 1225 4491 ⁶¹Reserringt0hisnt0miclbeorv,

129 4494 210 4564 pluek
231 4492 278 4548 the
298 4492 417 4549 Intellect
440 4495 477 4566 by
494 4495 540 4550 the
563 4497 658 4551 sleeve.
699 4496 733 4551 cl.
746 4513 836 4565 supra,
851 4494 873 4549 Ι.
880 4509 926 4565 51.

128 4573 218 4628 'l'bose
234 4573 308 4636 lacta
320 4573 407 4628 which
423 4574 494 4629 force
509 4593 558 4629 our
574 4584 658 4629 atten-
735 4573 761 4612 ⁶²
779 4573 870 4627 Bscon
886 4591 973 4630 seems
988 4585 1018 4632 to
1033 4576 1104 4635 have
1119 4577 1224 4649 thought
