2708 5226
436 529 526 604 mn.
542 538 571 607 1.
588 540 639 624 89,
651 559 703 623 90.
1080 543 1123 606 er

103 713 139 776 et
165 706 256 777 fidei
282 706 319 775 in
343 727 483 778 sensum
507 709 668 802 imperio,
692 708 892 781 diffiderent
917 733 960 782 ac
983 711 1125 783 dubito·

103 845 113 905 ;
141 832 184 894 et
207 829 398 915 propterea
420 825 465 895 ab
489 811 716 918 inquisitione
734 826 894 897 veritatis
917 827 954 896 in
977 835 1122 899 nature·

128 937 336 1033 periculum
362 940 432 1011 illis
461 942 666 1034 impendere
691 950 907 1012 metuerent.
959 939 1015 1013 At
1040 966 1123 1015 vere

109 1055 311 1149 reputanti,
327 1056 549 1150 philosophia
572 1056 751 1140 naturalis,
771 1067 850 1148 poet
874 1057 1022 1128 verbum
1040 1057 1123 1143 Dei,

103 1173 214 1244 asima
230 1173 488 1264 superstitionis
502 1173 679 1245 medicina
691 1170 812 1257 est¹⁰⁰;
830 1173 1026 1265 eademque
1044 1198 1124 1267 pro·

103 1291 239 1362 menum
264 1288 349 1360 fidei
374 1289 595 1361 alimentum.
648 1289 776 1381 ltaque
804 1290 932 1360 merito
958 1289 1121 1382 religioni

103 1417 169 1478 ¹tur
194 1415 364 1499 tanquam
388 1407 558 1478 fidissima
579 1407 731 1479 ancille:
759 1432 841 1479 cum
867 1406 980 1479 altera
998 1407 1122 1479 volun-

103 1546 129 1592 n
148 1521 234 1604 Dei,
251 1522 364 1594 altera
381 1532 596 1615 potestatem
613 1523 828 1596 manifestet.
875 1523 1007 1616 Neque
1025 1525 1121 1596 euim

103 1639 147 1709 rit
163 1637 245 1719 Ille,
263 1639 324 1730 qui
349 1640 464 1721 dixit;
490 1639 626 1720 enectis,
649 1638 833 1710 nescientes
849 1637 1064 1733 Scripturas,
1091 1647 1123 1710 et

103 1764 213 1826 :ntem
231 1752 303 1825 Dei
307 1752 344 1825 ¹:
371 1757 657 1826 informationem
677 1756 722 1825 de
739 1755 938 1842 voluntate,
955 1765 993 1828 et
1010 1756 1124 1827 medi·

103 1894 192 1943 nem
215 1871 261 1941 de
285 1880 473 1964 potestate,
490 1895 586 1942 nexu
612 1872 794 1944 individuo
822 1874 1058 1945 commiscens
1083 1881 1122 1944 et

104 1987 196 2057 lans.
263 1985 414 2058 Interim
457 1988 575 2058 minua
615 1987 746 2059 mirum
781 1997 846 2070 est,
877 1991 905 2059 si
949 1988 1122 2061 naturalis
1171 2057 1174 2060 ,

103 2102 248 2197 »sophim
264 2103 483 2174 incrementa
498 2103 656 2174 cohibita
672 2104 763 2187 sint;
789 2128 871 2176 eum
889 2104 1023 2198 religio,
1041 2127 1120 2198 quse

103 2243 209 2291 ‚mum
236 2221 330 2314 apud
355 2223 491 2292 animos
516 2221 700 2292 hominum
727 2220 852 2313 pollet,
877 2244 939 2312 per
965 2241 1121 2312 quorun-

117 2338 335 2430 imperitiam
360 2346 398 2407 et
420 2337 538 2408 zelum
559 2337 743 2409 incautum
767 2338 804 2407 in
821 2344 960 2430 partem
981 2345 1121 2408 contre-

118 2456 312 2537 trensierit
330 2462 370 2526 et
386 2455 533 2548 abrepta
549 2453 668 2524 fuerit.

526 2617 608 2688 XC.

103 2758 204 2806 ursus
233 2737 270 2806 in
301 2734 459 2806 moribus
488 2744 526 2805 et
553 2735 726 2805 institutis
754 2734 965 2818 scholarum,
994 2738 1119 2816 acade-

103 2876 180 2937 um,
206 2851 448 2944 collegiorum,
478 2859 517 2922 et
550 2850 719 2921 similium
754 2862 1009 2935 conventuum,
1040 2875 1118 2945 quae

103 2991 202 3040 emm
238 2968 422 3038 hominnm
456 2966 609 3050 sedibus,
645 2976 683 3037 et
720 2969 930 3038 eruditionis
970 2969 1118 3040 culturae

106 3096 193 3156 nata
222 3095 315 3169 sunt,
344 3085 462 3155 omnia
486 3085 684 3178 progressui
716 3084 944 3156 scientiarum
971 3083 1119 3159 adversa

103 3203 253 3272 riuntur.
307 3199 498 3271 Lectiones
518 3201 613 3271 enim
632 3209 670 3269 et
686 3201 859 3270 exercitia
876 3200 928 3270 ite
948 3211 1032 3271 sunt
1050 3202 1120 3271 dis.

103 3342 138 3401 a,
166 3325 208 3387 ut
237 3316 334 3388 aliud
365 3341 386 3389 a
416 3317 594 3388 consuetis
622 3315 717 3386 haud
750 3314 853 3385 facile
884 3316 1050 3407 cuiquam
1082 3318 1118 3386 in

103 3445 175 3505 tem
204 3434 325 3504 veniat
352 3434 521 3528 cogitare,
550 3439 613 3501 aut
643 3428 908 3523 contemplari2.
966 3431 1005 3501 Si
1035 3455 1119 3502 vero

103 3639 141 3695 So
171 3641 229 3696 also
258 3641 287 3695 in
311 3639 356 3696 tlre
384 3639 471 3694 iilum
496 3637 546 3695 Ls·
588 3636 693 3708 though
705 3636 769 3708 they
780 3635 897 3709 thought
907 3637 967 3693 that
978 3638 1024 3694 tlre
1035 3639 1120 3695 world

103 3720 207 3790 hi‚§7.
233 3718 395 3775 ltisworth
411 3717 546 3775 consider·
586 3716 771 3772 wesadevice
782 3716 813 3770 ot
822 3716 867 3771 the
879 3717 931 3773 evil
942 3735 1002 3782 one,
1015 3719 1120 3777 instead

103 3798 138 3854 nis
159 3797 294 3869 judicious
321 3798 474 3854 fflstincmn
498 3797 545 3852 be·
586 3795 617 3850 oi
633 3794 808 3850 theworkoi
817 3795 887 3851 God.
925 3795 967 3851 Cf.
981 3796 1121 3855 Browne’s

116 3877 163 3933 the
181 3877 315 3933 structione
333 3877 364 3931 oi
378 3876 452 3948 Holy
463 3876 544 3939 Writ,
587 3873 646 3928 Rel.
660 3872 735 3929 Med.
750 3872 773 3928 1.
787 3872 829 3928 16.
861 3874 970 3930 Keble's
983 3874 1120 3934 ffiffltian

103 3957 166 4012 hose
184 3956 216 4010 ol
233 3956 345 4012 Nature.
383 3955 443 4012 One
461 3956 484 4010 is
503 3973 544 4010 re·
586 3953 666 4018 Year,
679 3951 807 4024 septuag.
820 3953 940 4026 Sunday.

103 4034 286 4090 dolButler’s
298 4035 402 4090 famous
412 4043 545 4089 snunure
623 4032 632 4072 ¹
653 4031 751 4087 Matth.
764 4031 827 4087 xxii.
838 4050 881 4105 ²9·

106 4130 182 4184 upon
212 4112 257 4167 the
286 4114 399 4184 snalogy
426 4114 544 4168 between
621 4110 745 4168 ²Bacon
757 4110 845 4182 might
856 4111 923 4167 heve
936 4110 991 4168 had
1003 4112 1032 4168 in
1044 4113 1121 4169 mind

103 4192 189 4248 storin
197 4190 279 4246 world
291 4191 344 4246 and
357 4191 402 4247 the
414 4192 543 4262 spiritual.
586 4189 631 4245 the
650 4188 808 4262 University
832 4189 863 4247 nl
885 4190 968 4255 Paris,
993 4191 1047 4249 and
1075 4192 1120 4248 the

103 4288 136 4325 so
150 4269 219 4325 heve
234 4269 299 4324 each
311 4270 379 4325 their
391 4280 450 4341 part
457 4293 465 4335 3
491 4270 543 4325 end
587 4267 791 4340 Remistlngic,
800 4286 829 4323 ss
841 4270 900 4324 well
912 4287 941 4324 as
954 4269 999 4326 the
1011 4272 1120 4342 general

103 4358 170 4404 nust
190 4348 360 4421 comespond.
396 4349 544 4405 Auditis
586 4355 687 4420 system
709 4348 740 4402 of
759 4346 906 4404 &halantis
931 4348 1117 4421 disputatione,

103 4437 154 4493 nge
171 4427 286 4491 tyrsnny
306 4419 393 4475 which
414 4439 476 4474 men
500 4437 544 4474 ere
584 4424 674 4481 whose
693 4425 803 4483 shsdow
823 4427 878 4482 still
897 4427 997 4498 lingens
1019 4446 1120 4498 among

107 4508 137 4553 to
163 4498 279 4554 exercite
301 4498 329 4553 in
354 4498 439 4554 God’s
466 4516 544 4554 name
584 4520 627 4560 us.

103 4578 134 4634 he
144 4575 235 4635 minda
246 4576 278 4634 ol'
288 4576 356 4634 their
367 4577 502 4645 brethrern
514 4596 544 4634 ss
