2708 5226
447 531 535 599 LIB.
556 535 585 600 1.
604 555 783 623 113-115.
1105 535 1168 598 109

107 813 314 898 Postremo,
332 813 468 888 etiamsi
492 715 803 888 mdtdldnrmior
824 823 862 886 et
879 814 1059 885 obscurior
1081 836 1167 886 aura

65 931 130 1024 spei
149 930 199 1002 ab
224 930 300 1003 ieta
321 951 409 1002 noea
431 931 622 1003 continente
643 931 851 1024 spimrerit3
876 939 998 1001 tamen
1019 932 1166 1002 omnino

64 1047 324 1141 experiendum
351 1069 428 1119 esse
453 1048 536 1141 (nisi
561 1047 713 1120 velimus
738 1048 847 1118 animi
875 1068 950 1117 esse
976 1044 1081 1138 plane
1106 1046 1167 1117 ab·

57 1164 155 1257 jeeti)
174 1163 384 1234 statuimus.
436 1161 523 1235 Non
540 1162 636 1234 enim
653 1185 708 1234 res
725 1164 800 1256 puri
823 1161 979 1255 periculo
999 1184 1071 1232 non
1089 1171 1167 1234 ten-

62 1288 165 1363 tatur,
183 1288 226 1350 et
247 1301 323 1349 non
339 1275 551 1363 suooedit⁴⁵;
576 1302 659 1350 oum
676 1281 713 1350 in
731 1279 806 1363 illo,
823 1277 977 1373 ingentis
994 1277 1099 1365 boni;
1129 1278 1167 1349 in

61 1393 136 1479 hoo,
155 1395 302 1490 exigna
324 1393 492 1466 humanae
515 1417 630 1489 opera
645 1397 788 1490 jaotura
805 1402 974 1465 vertatur.
1027 1393 1166 1465 Verum

61 1534 106 1582 ex
124 1512 248 1595 dietis,
265 1520 376 1604 atque
400 1511 511 1582 etiam
531 1533 577 1582 ex
602 1533 675 1584 non
701 1511 818 1594 dietis,
837 1511 953 1581 visum
978 1518 1033 1582 est
1055 1508 1167 1592 nobis,

61 1630 133 1722 spei
165 1627 313 1700 abunde
342 1627 500 1714 subesse,
523 1649 595 1699 non
620 1636 763 1699 tantum
788 1626 924 1697 homini
952 1635 1097 1698 strenuo
1121 1627 1168 1697 ad

61 1744 333 1839 experiendum,
361 1743 424 1815 sod
454 1743 565 1814 etiam
594 1743 761 1836 prudenti
796 1751 835 1815 et
869 1743 984 1816 sobrio
1018 1742 1064 1815 ed
1093 1764 1169 1813 ore-

60 1861 235 1933 dendum.

107 2070 237 2167 Atque
255 2073 301 2145 de
319 1972 750 2168 desperationftdldnda
761 2094 843 2164 quae
859 2072 954 2143 inter
970 2095 1091 2144 causas
1106 2096 1170 2168 po·

63 2190 281 2263 tentissimas
299 2189 347 2263 ad
368 2212 593 2284 progressum
611 2189 841 2261 scientiarum
864 2189 1113 2260 remorandum
1130 2199 1169 2261 et

63 2306 299 2378 inhibendum
323 2306 404 2389 fuit,
421 2306 497 2400 jam
522 2306 661 2378 dictum
687 2313 764 2376 est:
790 2312 898 2396 atque
923 2305 1029 2375 simul
1054 2328 1170 2377 sermo

63 2425 107 2497 de
133 2425 247 2518 signis
272 2432 310 2494 et
332 2423 446 2494 oensis
468 2445 639 2505 errorum,
658 2431 697 2492 et
721 2421 872 2504 inertiae‚
889 2431 928 2491 et
952 2421 1169 2516 ignorantie,

64 2562 143 2633 quae
161 2537 327 2624 invaluit,
343 2537 526 2611 absolutus
549 2546 626 2621 est3
651 2537 850 2631 praesertim
868 2559 951 2608 oum
970 2535 1171 2610 subtiliores

65 2678 189 2739 oeusae,
206 2664 246 2728 et
262 2678 345 2748 quae
366 2655 406 2725 in
416 2654 594 2748 judicium
612 2652 782 2747 populare
805 2662 868 2727 aut
885 2654 1171 2727 observationem

64 2794 136 2843 non
152 2771 345 2854 inourraut,
363 2769 409 2842 ad
426 2792 480 2854 ee,
496 2792 574 2862 quae
591 2769 637 2842 de
654 2766 759 2840 idolis
776 2769 886 2840 animi
910 2769 1057 2841 humani
1075 2771 1172 2842 diota

64 2894 159 2970 sunt,
176 2883 300 2957 referri
319 2885 484 2958 debeant.

114 2998 240 3095 Atque
263 3001 322 3072 hio
344 3001 452 3073 simul
471 3024 551 3096 pars
574 2998 794 3075 destruens⁴6
811 3000 1086 3075 Instaurotionis
1108 3026 1171 3076 no·

64 3152 217 3224 nonoving
233 3150 365 3224 tendency
383 3169 420 3208 on
437 3151 484 3206 the
506 3152 597 3207 minda
672 3152 699 3192 ⁴⁵
715 3153 782 3209 This
805 3155 829 3209 is
850 3155 896 3209 the
917 3153 1045 3225 principle
1065 3153 1170 3225 applied

64 3231 95 3287 ol
109 3231 190 3286 those
200 3229 263 3285 vlro
275 3247 320 3285 are
338 3229 459 3302 engaged
475 3247 511 3286 on
525 3231 598 3286 it-e
636 3230 674 3304 by
694 3232 746 3303 Bp.
761 3231 855 3287 Butler
873 3232 901 3287 in
921 3231 968 3286 the
988 3232 1120 3304 Analogy,
1142 3241 1171 3288 to

64 3309 197 3381 tendenry
212 3316 268 3363 met
281 3316 311 3363 to
323 3327 339 3363 a
353 3309 452 3364 oertain
463 3316 554 3364 extent
568 3309 597 3363 in
636 3309 683 3365 the
700 3309 814 3364 chauces
830 3310 859 3365 in
870 3310 965 3364 favour
981 3309 1012 3364 oi
1022 3308 1171 3365 Christim·

64 3388 140 3443 citios
163 3385 267 3459 hythe
287 3394 391 3458 greater
413 3386 531 3443 iueilifies
555 3387 598 3442 lor
636 3386 676 3459 ity
686 3387 769 3459 being
779 3397 847 3442 true.
884 3387 961 3442 livre
973 3387 1077 3458 negleet
1087 3389 1118 3452 it,
1130 3406 1171 3443 we

63 3462 598 3520 mentnleuitivationandsocialinter·
637 3464 753 3520 runthe
772 3465 828 3519 rislr
848 3464 1116 3536 oilosingagreat,
1135 3482 1170 3519 en

64 3560 177 3599 oourse:
202 3541 254 3597 but
274 3542 328 3598 still
346 3541 465 3615 helping,
484 3561 521 3599 on
540 3542 599 3598 thet
637 3543 841 3599 immeaaumble
870 3541 951 3615 good,
975 3542 1089 3598 without
1118 3560 1171 3614 any

64 3619 252 3691 development
263 3619 294 3675 oi
303 3620 383 3692 quiolr
395 3620 445 3675 but
457 3620 598 3677 one-eided
638 3622 710 3692 gain.
747 3621 776 3677 lf
788 3639 828 3676 we
841 3620 963 3676 embraoe
978 3621 1007 3686 it,
1019 3639 1059 3676 we
1073 3621 1109 3677 do
1121 3622 1171 3678 but

63 3696 233 3770 knowledge,
249 3696 336 3753 which
355 3716 395 3753 we
412 3709 486 3754 murt
502 3698 598 3772 regard
638 3717 691 3754 run
707 3698 754 3753 the
770 3698 838 3754 little
854 3699 911 3755 risk
928 3700 993 3769 (and
1008 3701 1031 3755 in
1049 3699 1095 3756 the
1113 3703 1170 3758 rislr

63 3776 202 3832 vithlear.
221 3775 598 3833 Amanwhoiseeouetomed
637 3785 687 3832 not
709 3777 738 3831 in
760 3776 866 3833 itsella
883 3777 988 3849 goodl)
1007 3779 1038 3834 ol
1054 3797 1070 3833 a
1094 3779 1170 3836 short

63 3863 93 3910 to
106 3872 159 3911 one
172 3870 278 3909 nerrorr
290 3852 384 3925 sphera
394 3855 427 3910 ol
433 3856 509 3910 work
525 3866 598 3911 murt
638 3855 835 3920 munuum,
847 3856 901 3912 and
921 3857 952 3912 ol
967 3874 1041 3913 some
1061 3859 1170 3915 seli-de·

63 3933 204 4006 gradually
221 3932 332 3988 beoome
351 3933 488 4004 inoapeble
505 3933 536 3988 oi
550 3952 596 4007 ge-
637 3935 699 3998 nial,
712 3932 767 3988 and
778 3933 802 3988 il
812 3935 834 3988 it
845 3934 879 3990 be
895 3943 963 4000 true,
976 3935 1037 3991 how
1047 3936 1094 3992 the
1105 3939 1169 4010 gain

63 4013 138 4067 neral
155 4009 211 4066 and
226 4009 339 4064 broader
350 4011 439 4066 riews.
476 4010 521 4065 He
537 4010 598 4067 who
637 4011 786 4084 outweigha
808 4012 854 4068 the
870 4014 934 4068 toill
971 4015 1066 4070 Alorr
1088 4034 1168 4089 ergu-

62 4089 111 4145 has
129 4099 160 4146 to
177 4088 256 4160 point
273 4086 379 4144 needles
396 4090 433 4144 all
448 4087 491 4144 his
508 4089 597 4154 liteis
637 4098 729 4155 menn
753 4089 804 4145 bnt
819 4091 1169 4166 onehnvingveiglrtwith

62 4177 110 4224 not
131 4166 255 4238 unlikely
274 4174 304 4222 to
323 4165 391 4223 here
410 4184 428 4221 e
447 4167 528 4239 ehorp
548 4168 598 4223 but
637 4187 711 4225 some
723 4168 821 4225 minda.

62 4244 382 4320 putialvimt'tlringr.
399 4245 527 4303 'l'hisevil
538 4263 597 4301 oor·
672 4245 698 4287 ⁴⁶
716 4247 810 4303 “Pars
827 4247 1069 4306 deetrueus”-the
1085 4269 1167 4324 nege-

62 4322 245 4396 respondeto
261 4321 320 4377 that
337 4323 450 4379 referred
468 4334 498 4379 to
513 4324 597 4380 abore
637 4324 778 4396 tivepert:
797 4326 1168 4385 inrrhichBeoonetillauc·

63 4400 98 4472 (l.
111 4402 168 4472 88),
180 4398 271 4456 where
287 4399 379 4457 Bnoon
396 4402 492 4475 speaks
508 4402 596 4457 nithe
637 4402 715 4458 eeeda
733 4405 762 4458 in
778 4404 951 4479 introducing
968 4406 1050 4461 much
1068 4406 1167 4463 thetis

62 4497 135 4537 error
159 4480 193 4536 ol
217 4478 387 4553 considering
412 4497 465 4537 one
492 4482 596 4554 subject
636 4482 710 4552 quite
727 4485 970 4542 commotior-as
987 4502 1011 4539 e.
1024 4502 1051 4554 g.
1065 4483 1168 4557 l.103-

63 4555 213 4627 ebmlntdy
224 4553 262 4626 by
272 4555 351 4614 iterii·
639 4558 698 4615 106.
