2708 5226
225 608 289 672 118
552 604 728 672 NOVUM
749 603 999 672 ORGANUM.

224 794 288 864 per
314 792 533 863 consequens
559 770 759 852 infinitam3
794 765 918 861 quales
944 775 1029 838 sunt
1056 789 1108 839 eae
1133 763 1301 858 dequibus
1345 700 1350 823 i

224 885 413 978 loquimur.
465 884 548 955 Hoc
565 906 650 954 vero
666 883 782 954 sciant
798 881 959 951 homines
977 902 1042 970 pro
1059 887 1169 962 certo,
1184 898 1303 947 omnem
1348 878 1350 882 ’

223 1003 460 1074 subtilitatem
478 1001 761 1095 disputationum
778 1006 817 1070 et
833 999 1056 1068 discursuum
1073 995 1247 1076 mentissi
1259 993 1307 1064 ad·

222 1118 389 1190 hibeatur
405 1128 546 1189 tantum
567 1127 647 1210 poet
672 1116 853 1186 axiomata
877 1115 1036 1197 inventa,
1053 1135 1169 1184 seram
1191 1133 1260 1183 esse
1279 1119 1309 1183 et

221 1247 492 1329 praeposteram:
530 1244 570 1305 et
602 1231 810 1303 subtilitatis
843 1238 986 1323 tempus
1019 1251 1146 1300 rerum
1177 1251 1219 1299 ac
1247 1249 1310 1321 pro·

220 1353 348 1445 prium,
379 1361 444 1422 aut
472 1347 600 1420 saltem
633 1349 860 1442 precipuum,
890 1346 1022 1418 versari
1051 1346 1091 1417 in
1120 1344 1312 1438 pensitanda

221 1446 454 1561 experientia,
485 1473 524 1536 et
552 1463 636 1535 inde
666 1461 925 1534 constituendis
952 1461 1216 1534 axiomatibus:
1243 1481 1312 1530 rum

220 1582 284 1655 illa
312 1583 425 1654 altera
455 1580 633 1652 subtilitas
665 1589 830 1650 naturam
859 1587 1005 1671 prensat
1034 1587 1074 1650 et
1103 1587 1236 1672 captat,
1260 1576 1311 1648 scd

220 1721 403 1791 nunquam
420 1696 656 1790 apprehendit
678 1705 742 1768 aut
765 1697 871 1788 capit.
924 1693 976 1765 Et
992 1695 1216 1767 vemssimum
1231 1703 1314 1766 certa

221 1823 286 1898 est,
305 1815 400 1906 quod
426 1813 472 1884 de
497 1812 682 1884 occasione
702 1813 775 1883 sive
797 1811 941 1882 fortuna
956 1811 1029 1882 dici
1050 1810 1155 1896 solet,
1170 1812 1200 1883 si
1218 1821 1314 1881 trane

221 1932 356 2003 feratur
379 1931 423 2001 ad
450 1938 635 2001 naturam:
663 1929 842 2011 videlicet,
858 1950 935 1998 eom
960 1951 983 1999 a
996 1926 1127 2025 fronte
1149 1935 1313 2009 muca,

220 2045 262 2119 ob
280 2047 441 2142 coepitio
458 2044 588 2117 ecloum
605 2042 723 2117 essem.

271 2163 439 2257 Denique
470 2163 517 2235 de
545 2172 756 2256 contemptu
787 2163 825 2232 in
850 2160 1005 2232 naturali
1031 2161 1181 2234 historia
1207 2181 1314 2232 rerum

218 2289 283 2353 aut
307 2279 516 2375 vulgarium,
538 2287 601 2349 aut
625 2277 761 2361 vilium,
783 2285 848 2349 aut
872 2279 979 2349 nimis
1004 2277 1201 2360 subtilium.
1225 2276 1313 2348 etin

221 2395 415 2490 originibus
440 2395 512 2464 suis
537 2393 730 2476 inutilium,
747 2392 809 2464 illa
824 2414 895 2463 vox
921 2392 1141 2465 muliercula
1157 2393 1204 2465 ad
1220 2391 1314 2462 turni·

220 2510 306 2581 dum
323 2511 529 2604 principem,
548 2509 609 2601 qui
632 2510 844 2602 petitionem
868 2511 956 2603 ejus,
973 2519 1016 2580 ut
1041 2532 1119 2579 rem
1143 2508 1312 2603 indignam

219 2638 257 2698 et
274 2630 460 2720 majestate
482 2649 546 2696 sua
569 2626 785 2710 inferiorem,
803 2625 1001 2717 abjecisset,
1018 2649 1081 2719 pro
1098 2626 1241 2698 oraculo
1257 2626 1311 2709 sit;

218 2741 351 2814 Desine
367 2765 446 2840 erpo
459 2765 524 2812 reo
540 2739 671 2812 esae⁵⁹.·
698 2743 783 2834 quia
800 2743 1037 2814 certissimum
1054 2752 1121 2826 est,
1134 2743 1310 2835 imperium

218 2861 256 2930 in
273 2870 446 2943 naturam,
464 2861 493 2929 si
518 2860 597 2951 quis
620 2858 822 2950 hujusmodi
848 2860 965 2942 rebus,
983 2869 1025 2930 ut
1048 2861 1155 2930 nimis
1171 2858 1311 2929 exilibus

219 2984 257 3046 et
272 2976 432 3059 minutis,
449 2998 572 3046 vacare
590 2975 690 3058 nolit,
708 2999 776 3046 nec
793 2975 946 3047 obtineri
966 2999 1032 3047 nec
1049 2978 1126 3070 geri
1143 2998 1254 3069 posse.

686 3156 848 3228 CXXII.

270 3273 437 3345 Occurrit
463 3274 572 3343 etiam
599 3283 639 3345 et
665 3273 775 3358 illud;
801 3273 963 3346 mirabile
988 3274 1160 3367 quiddam
1186 3296 1260 3345 esse
1280 3280 1311 3343 et

218 3391 358 3474 durum,
374 3391 469 3482 quod
488 3413 552 3460 nos
569 3413 693 3461 omnes
711 3391 874 3461 scientias
891 3401 1001 3485 atque
1018 3412 1142 3463 omnes
1159 3399 1310 3463 auctores

217 3509 333 3594 simul,
357 3533 399 3580 ac
426 3508 538 3580 veluti
565 3532 637 3579 uno
668 3511 743 3579 ictu
774 3519 812 3581 et
840 3511 987 3603 impetn,
1015 3529 1310 3582 summoveamus:

216 3624 325 3718 idque
342 3648 413 3695 non
436 3632 618 3716 assumpto
640 3623 758 3716 aliquo
784 3647 831 3695 ex
853 3627 1009 3719 antiquis
1034 3627 1071 3696 in
1091 3626 1266 3697 auxilium
1281 3632 1311 3694 et

217 3741 419 3833 praesidium
436 3749 608 3822 nostrum,
626 3740 688 3810 sed
706 3741 807 3833 quasi
824 3740 957 3812 viribus
973 3743 1132 3835 propriis.

269 3854 347 3926 Nos
364 3864 484 3925 autem
503 3856 643 3940 scimus,
662 3857 690 3927 si
714 3857 832 3927 minus
855 3858 990 3929 sincera
1006 3857 1077 3928 fide
1100 3881 1206 3953 agere
1223 3857 1311 3928 volu·

217 3973 375 4055 issemus,
394 3994 465 4041 non
489 3971 633 4042 difficile
657 3973 765 4044 fuisse
787 3973 899 4058 nobis,
916 3974 995 4058 ista,
1013 3997 1091 4066 quae
1114 3974 1311 4054 afferuntur,

251 4213 355 4273 ⁸⁸'l'bis
370 4218 489 4290 thought
503 4221 526 4274 is
545 4220 630 4276 found
648 4221 677 4275 in
696 4238 748 4276 one
788 4239 805 4276 a
829 4221 991 4277 Hermeter
1012 4220 1098 4276 found
1122 4222 1151 4277 in
1173 4221 1311 4292 Dionysius

216 4292 247 4347 oi
263 4292 308 4349 the
328 4295 410 4350 lables
427 4298 458 4350 oi
475 4296 615 4362 Pbaedrus,
628 4316 654 4352 v.
667 4299 693 4361 8,
710 4315 747 4352 on
789 4300 866 4364 Cato,
890 4300 1005 4355 Distich.
1025 4299 1060 4354 de
1083 4300 1208 4357 Moribus
1221 4299 1258 4355 11.
1267 4296 1304 4354 26.

216 4369 359 4428 “Occasio
372 4374 513 4445 Depiota.”
549 4377 616 4432 Also
631 4375 705 4431 tbere
722 4377 747 4433 is
788 4379 861 4447 (circ.
874 4378 1037 4449 Α.Ι).4οο.)

358 4460 484 4516 “Fronte
497 4463 627 4533 capillata,
639 4471 701 4534 post
712 4473 753 4519 est
766 4463 880 4520 Omanio
889 4466 993 4520 celva''

213 4548 319 4605 'l'bisis
336 4548 368 4604 ol
382 4566 477 4604 couno
488 4549 534 4605 the
547 4550 624 4606 Latin
636 4550 706 4605 form
718 4551 749 4606 oi
786 4554 832 4609 the
844 4553 992 4608 lorelocls.'’

214 4646 265 4684 our
276 4627 390 4701 proverb
401 4628 485 4686 about
493 4634 512 4660 ¹⁸
520 4629 698 4702 trls'mg'lims
708 4630 745 4702 by
822 4631 848 4673 ⁸⁹
857 4631 927 4688 Told
939 4631 970 4687 of
980 4630 1068 4704 l’bilip
1079 4631 1111 4688 ol
1120 4631 1259 4690 Macedon.
