2708 5226
255 1148 518 1265 NOVUM
568 1150 969 1285 oudinum,

569 1429 661 1480 SIVE

75 1629 318 1724 INDIGIA¹
357 1631 502 1725 VERA
541 1633 611 1727 DE
652 1634 713 1727 IN
715 1634 1148 1731 TERPRETATIONE

490 1808 734 1908 NATURAE.

453 2070 766 2080 ψ

479 2237 753 2308 PRAEFATIO.

61 2351 204 2476 QU1²
230 2393 275 2462 de
301 2401 437 2475 natura,
464 2403 634 2485 tanquam
661 2393 706 2463 de
732 2417 769 2464 ro
795 2393 988 2486 explorata,
1013 2417 1166 2487 pronun·

59 2512 149 2582 tiare
174 2511 250 2581 ausi
274 2519 368 2591 sunt,
386 2509 461 2580 siva
484 2509 552 2580 hoa
574 2532 618 2579 ex
640 2511 747 2580 animi
769 2510 898 2581 fiducia
915 2511 1074 2593 feceriut,
1092 2514 1166 2584 sive

59 2626 250 2696 ambitiose
278 2634 314 2694 et
345 2647 445 2695 mors
476 2625 705 2717 professori03
742 2626 906 2697 maximis
932 2625 984 2696 ilii
1015 2627 1167 2720 philoso-

10 2728 21 2741 '
61 2743 181 2832 phiam
209 2750 247 2810 et
273 2742 438 2811 scientias
463 2741 687 2814 detrimentis
710 2743 870 2814 affecere.
923 2742 977 2815 Ut
999 2746 1094 2815 enim
1119 2745 1163 2815 ad

61 2859 169 2930 fidem
195 2858 391 2929 faaiendam
416 2857 535 2938 validi,
552 2858 603 2928 ita
627 2860 720 2928 enirn
746 2861 790 2929 ad
814 2859 1078 2951 inquisitionem
1103 2883 1167 2930 sx-

62 2973 297 3069 tinguendam
320 2983 358 3043 et
381 2973 659 3067 abrumpendam
683 2975 842 3045 efficaces
859 2975 1022 3047 fuerunt:
1050 2999 1166 3069 neque

62 3093 197 3162 virtute
228 3091 368 3183 propria
400 3098 541 3160 tantum
576 3091 797 3183 profuerunt,
828 3102 998 3184 quantum
1031 3094 1068 3162 in
1097 3093 1165 3164 hoa

60 3215 271 3287 nocuerunt,
289 3206 383 3298 quod
410 3205 557 3277 aliorum
584 3208 752 3277 virtutem
779 3209 999 3301 corruperint
1024 3221 1062 3278 st
1088 3231 1167 3301 per-

61 3325 229 3394 diderint.
287 3321 357 3406 Qui
389 3332 510 3394 autem
541 3325 753 3395 contrariam
783 3324 867 3394 hnio
895 3325 986 3395 viam
1019 3325 1165 3418 ingressi

60 3451 155 3523 sunt,
182 3449 291 3531 atque
316 3438 403 3509 nihil
430 3462 570 3531 prorsus
596 3441 675 3510 aoiri
703 3463 804 3533 posse
832 3450 1066 3521 asseruerunt,
1092 3441 1166 3510 sive

61 3581 105 3627 ex
132 3555 368 3648 sophistarum
397 3565 557 3626 veterum
587 3556 678 3636 odio,
705 3556 778 3625 sive
806 3579 851 3624 ex
880 3555 987 3625 animi
1016 3553 1166 3626 fluctua-

59 3674 169 3752 tione,
196 3672 391 3741 autetiam
418 3694 463 3742 ex
490 3671 643 3763 quadarn
670 3672 841 3741 dootrinae
872 3671 982 3762 copia,
1009 3672 1044 3741 in
1073 3671 1165 3741 hano

57 3789 264 3883 opinionem
293 3787 425 3880 delapsi
453 3771 533 3865 sint,
561 3797 658 3857 certe
686 3811 756 3858 non
785 3788 1061 3858 contemnendas
1088 3788 1165 3880 ejus

57 3906 215 3976 rationes
243 3903 488 3974 adduxerunt:
525 3914 758 3974 veruntamen
790 3927 856 3974 nso
886 3927 908 3974 a
936 3905 1025 3975 veris
1055 3905 1165 3975 initiis

55 4021 275 4094 sententiam
300 4042 400 4091 suam
426 4021 641 4101 derivarunt,
664 4029 712 4104 st,
735 4021 853 4092 studio
876 4021 1030 4112 quodam
1056 4029 1165 4113 atqua

97 4232 106 4273 ¹
124 4233 311 4288 Indicio—not
323 4239 342 4266 “
352 4233 548 4306 Suggaadons’'
561 4250 592 4287 or
632 4233 759 4288 rendered
772 4235 793 4288 it
804 4240 823 4264 ‘⁴
833 4234 950 4289 Guide.''

55 4322 73 4344 ‘⁶
82 4311 314 4375 indications‚”as
323 4312 344 4367 it
353 4312 402 4367 has
411 4313 479 4367 boen
486 4312 592 4382 usually
668 4312 682 4350 ²
698 4312 756 4367 Tha
767 4313 949 4383 Dogmatists:
969 4311 1010 4366 ior
1022 4311 1110 4365 whom
1123 4330 1166 4366 aas

53 4391 213 4455 translated,
223 4390 273 4445 but
284 4391 373 4445 rather
384 4392 411 4445 in
424 4390 469 4444 the
479 4389 594 4444 senseof
634 4390 686 4445 Bk.
706 4390 727 4444 1.
748 4391 820 4461 nph.
837 4389 880 4461 67.
916 4390 975 4444 Tho
993 4389 1070 4443 other
1087 4390 1165 4453 class,

52 4482 71 4506 ⁰⁴
84 4472 196 4529 Delatio
214 4471 252 4525 rei
271 4471 591 4537 occultae,'’“1nforma·
633 4467 750 4537 opposed
777 4479 805 4521 to
832 4466 915 4530 thern,
939 4468 962 4520 ia
985 4465 1044 4520 that
1068 4465 1098 4518 os
1119 4465 1166 4519 tha

52 4550 146 4609 tion.”
181 4547 276 4604 lirare
292 4548 420 4605 venturad
438 4559 466 4604 to
482 4567 531 4604 use
547 4549 593 4604 the
634 4552 653 4576 “
666 4546 814 4617 Sceptics.”

52 4636 182 4688 concrete
199 4627 241 4683 ior
258 4627 303 4682 tha
319 4627 443 4693 obturet,
455 4627 509 4683 and
526 4627 594 4683 hare
