2708 5226
424 526 513 599 tle.
529 526 577 591 ΙΙ.
593 547 645 612 35.
1021 532 1083 596 231

10 711 56 761 ms
86 688 138 763 ad
167 688 385 768 elevandum
411 699 451 764 et
475 691 699 763 evehendum
727 690 952 763 intellectum
975 717 997 764 a
1023 695 1092 765 dif-

10 805 144 883 reutiis
160 805 209 881 ad
227 828 370 900 genera,
381 815 419 878 ot
436 807 481 885 ad
499 806 698 879 tollendum
716 806 830 881 larvas
846 818 885 881 et
901 808 1091 883 simulacra

10 944 112 1006 rum,
127 929 241 1015 prout
263 931 454 995 occurrunt
474 931 513 993 et
532 924 710 1016 prodeunt
732 933 929 1016 personatos
953 925 989 995 in
1007 926 1091 999 suh·

10 1036 123 1112 maiis
148 1038 337 1115 concretis.

29 1151 205 1245 Exempli
221 1153 357 1247 gratia:
384 1155 432 1224 sit
447 1161 574 1227 natura
591 1153 768 1247 inquisita.
786 1152 954 1226 calidum.
1002 1151 1091 1224 Om-

10 1270 69 1339 ino
95 1267 240 1341 videtur
265 1290 342 1341 esse
366 1267 490 1341 divisio
516 1268 670 1347 solennis
696 1279 734 1340 et
759 1269 975 1352 authentica,
993 1269 1088 1361 quod

11 1393 56 1459 nt
73 1385 144 1458 tria
159 1407 293 1480 genera
308 1384 455 1461 calorist
476 1386 644 1458 videlicet
661 1385 757 1461 calor
772 1386 982 1470 coelestium,
994 1386 1091 1460 calor

10 1499 204 1582 nimalium,
230 1508 269 1573 et
293 1501 389 1573 calor
413 1501 525 1595 igme:
552 1503 719 1596 quodque
744 1504 802 1574 isti
830 1502 964 1575 calores
990 1504 1092 1595 (prat-

10 1616 109 1691 artim
127 1638 220 1687 unus
243 1639 290 1689 ex
312 1614 393 1700 illis,
410 1627 634 1709 comparatus
655 1619 700 1690 ad
718 1618 875 1711 reliquos
897 1616 1000 1705 duos)
1019 1619 1091 1688 sint

10 1753 60 1810 rsa
80 1732 234 1808 essentia
250 1740 289 1803 et
305 1733 435 1825 speeie,
451 1734 525 1805 sive
551 1742 678 1807 natura
693 1734 867 1827 specifice,
885 1732 1092 1807 differentes

10 1854 23 1915 t
44 1844 153 1938 plane
175 1847 427 1942 heterogenei:
458 1848 748 1941 quandoquidem
769 1849 865 1921 calor
890 1848 1090 1921 eoelestium

10 1968 23 2035 t
48 1960 258 2039 animalium
280 1971 430 2057 generet
455 1972 493 2037 et
519 1964 649 2046 foveat,
667 1973 705 2037 at
730 1965 826 2038 calor
850 1966 942 2058 ignis
967 1973 1092 2037 contra

10 2084 192 2170 unumpat
220 2087 258 2149 et
283 2079 455 2151 destruat.
507 2076 574 2150 Fet
603 2081 726 2172 itaque
751 2078 920 2153 imantia
939 2077 1092 2174 foderis

10 2193 274 2284 xperimentum
300 2193 388 2271 illud
413 2195 498 2265 satis
523 2193 718 2288 vulgatum,
736 2217 817 2264 cum
843 2194 1013 2286 recipitur
1038 2217 1092 2269 ra·

10 2331 67 2386 tus
89 2307 217 2401 uliquis
242 2310 323 2383 vitis
345 2311 440 2385 iutra
462 2311 609 2383 domum
636 2311 696 2381 uhi
723 2311 771 2381 sit
797 2310 897 2381 focus
920 2309 1089 2392 assiduus,

10 2447 31 2496 x
58 2447 132 2516 quo
156 2436 403 2499 maturescunt
427 2450 506 2499 uvae
532 2429 641 2499 etiam
669 2448 795 2499 meuse
819 2426 960 2518 integro
985 2426 1091 2496 citius

10 2562 94 2619 uum
118 2541 234 2617 toras:
259 2542 312 2613 ito
331 2551 374 2619 ut
395 2544 588 2615 maturatio
610 2544 750 2614 fructus
772 2541 881 2612 etiam
904 2540 1091 2632 pendentis

10 2677 92 2749 uper
121 2655 282 2739 arborem
308 2656 385 2735 fieri
414 2658 536 2749 pessit,
559 2656 698 2728 scilicet
725 2658 772 2729 ab
797 2657 891 2749 igne,
915 2678 997 2726 cum
1023 2655 1092 2726 hoc

10 2792 103 2845 mum
127 2770 291 2845 videatur
320 2794 398 2844 esse
424 2794 512 2864 opus
537 2773 720 2864 proprium
747 2772 840 2845 solis.
893 2771 1021 2864 Itaque
1046 2771 1092 2842 ab

11 2908 54 2957 oc
79 2887 185 2958 initio
208 2885 312 2959 facile
334 2888 486 2981 insurgit
506 2887 724 2971 intellectus,
740 2889 927 2981 repudiata
949 2888 1093 2961 hetero-

10 3023 102 3075 enea
126 3002 317 3086 essentiali,
333 3002 378 3076 ad
401 3003 654 3094 inquirendum
681 3026 760 3097 quae
782 3007 855 3077 sint
880 3002 1091 3074 differentiae

10 3116 68 3202 loe,
102 3140 181 3209 quoe
214 3139 338 3195 revera
366 3119 592 3212 reperiuntur
625 3120 719 3190 inter
753 3119 907 3193 calorem
936 3118 1019 3191 solis
1053 3127 1093 3188 et

10 3234 88 3326 mis,
117 3255 165 3307 ex
195 3233 323 3326 quibus
352 3234 404 3317 fit,
434 3243 477 3304 ut
507 3256 631 3305 eorum
662 3235 885 3326 operationes
914 3236 986 3304 sint
1015 3241 1090 3302 tem

10 3347 187 3433 absimiles,
205 3357 387 3442 utcunque
403 3349 456 3420 illi
473 3349 539 3441 ipsi
558 3348 770 3440 participent
787 3371 834 3419 ex
853 3359 980 3421 natura
995 3370 1092 3418 com-

10 3485 100 3535 rum.

35 3577 129 3663 Quoe
164 3576 371 3651 differentiae
405 3581 627 3671 reperientur
656 3586 828 3669 quatuor:
866 3579 931 3649 vin.
965 3577 1091 3669 primo,

11 3694 84 3767 und
102 3691 200 3771 calor
216 3694 310 3778 solis,
328 3704 490 3787 respectu
508 3694 633 3767 caloris
658 3694 759 3788 ignis,
777 3695 824 3767 sit
847 3695 959 3788 gradu
986 3692 1093 3788 longe

10 3808 201 3891 lementior
220 3821 259 3882 et
284 3810 417 3883 lenior:
444 3812 610 3895 secundo,
627 3812 723 3903 quod
749 3813 796 3882 sit
822 3809 1034 3905 (praesertim
1051 3818 1095 3882 ut

11 3923 151 3997 efsrtur
166 3924 212 3995 od
235 3947 300 3995 nos
320 3947 384 4018 per
399 3926 532 4019 aerem)
551 3925 725 4019 qualitate
750 3924 865 4002 multo
891 3924 1095 3999 humidior:

10 4040 107 4126 ertio,
126 4037 239 4133 (quod
255 4050 363 4134 ceput
387 4041 438 4111 rei
455 4048 524 4136 est)
543 4042 639 4134 quod
664 4044 711 4115 sit
736 4065 874 4115 summe
900 4043 1092 4136 inaequalis,

10 4161 96 4249 tque
114 4155 286 4227 accedens
302 4164 341 4228 et
355 4164 493 4239 auctus,
511 4158 678 4251 deinceps
696 4159 865 4230 recedens
882 4168 921 4229 ot
937 4159 1093 4228 diminu-

10 4293 65 4342 us:
94 4271 131 4341 id
150 4272 244 4364 quod
270 4272 428 4341 maxime
451 4273 589 4342 confert
614 4272 660 4342 ad
684 4265 952 4367 'g'enerationem
969 4293 1093 4363 corpo-

10 4408 80 4457 nm.
134 4384 250 4458 Recte
275 4389 371 4458 onim
397 4389 546 4459 asseruit
561 4385 774 4460 Aristoteles
799 4411 939 4460 causam
962 4387 1093 4479 princi-

9 4500 107 4573 alem
137 4505 408 4598 generationum
438 4512 476 4573 et
503 4502 778 4594 corruptionum,
808 4523 885 4597 quae
912 4499 1003 4570 fiunt
1034 4497 1091 4567 hic
