2708 5226
135 557 201 622 310
463 553 637 620 Novum
660 549 911 618 ORGANUM.

186 722 278 814 (17.)
303 718 361 791 Sit
385 725 505 790 motus
529 717 689 788 decimus
713 716 897 808 septimus,
923 720 1040 786 moso
1062 711 1235 786 rotationis

134 844 342 932 spontaneos
350 831 398 924 ⁹⁸5
435 857 635 928 perquem
664 855 809 926 corpora
835 842 943 904 motu
970 833 1176 927 gaudentia,
1202 844 1235 904 et

134 952 228 1025 bene
256 951 440 1034 collocata,
464 957 593 1022 natura
616 971 681 1021 sara
704 949 885 1032 fruuntur,
910 955 1024 1041 atque
1051 950 1168 1042 seipm
1188 970 1236 1021 se·

133 1079 302 1165 quantur,
323 1093 398 1141 non
422 1068 543 1152 aliud;
568 1077 607 1140 et
631 1076 803 1160 tanquam
827 1067 991 1161 proprios
1016 1075 1149 1161 petunt
1171 1089 1236 1141 tm·

131 1186 271 1280 plexus.
333 1184 480 1258 Etenim
509 1185 677 1255 videntur
703 1205 850 1276 corpora
883 1192 951 1255 aut
985 1205 1135 1256 movere
1164 1184 1234 1255 siue

132 1306 308 1388 termium
334 1312 398 1374 aut
414 1301 519 1395 plane
540 1300 744 1392 quiescere3
769 1308 834 1370 aut
856 1299 945 1370 ferri
967 1300 1016 1371 sd
1037 1302 1233 1380 terminum,

131 1422 194 1493 ubi
220 1445 285 1515 pro
309 1430 437 1493 natura
457 1441 522 1492 sua
545 1429 611 1490 ant
631 1426 763 1503 rotent,
780 1426 844 1491 aut
866 1421 1068 1511 quiescent
1119 1418 1233 1512 Atque

132 1560 210 1630 quae
226 1537 320 1610 bene
337 1535 510 1609 collocata
525 1543 618 1617 sunt,
637 1535 666 1605 si
685 1542 787 1605 motu
803 1533 998 1629 gaudeant,
1015 1545 1164 1608 movent
1178 1558 1235 1629 per

131 1652 326 1723 circulum:
352 1659 454 1722 motu
470 1650 607 1721 scilicet
628 1660 763 1722 aeterno
779 1660 818 1722 et
834 1650 990 1722 infinito.
1036 1651 1129 1736 Quae
1148 1652 1233 1724 bene

130 1768 305 1841 collocata
320 1774 415 1851 sunt,
433 1774 471 1837 et
492 1777 633 1838 motum
650 1767 853 1851 exhorrent,
870 1789 1018 1859 prorsus
1040 1769 1232 1861 quiescunt

131 1882 222 1968 Quae
248 1904 322 1953 non
346 1883 440 1954 bene
463 1882 637 1954 collocata
661 1892 757 1967 suut,
782 1891 932 1955 movent
957 1884 998 1954 iu
1022 1883 1121 1955 linea
1144 1891 1233 1955 reete

130 2003 316 2094 (tanquam
332 1999 477 2071 tramite
493 1999 716 2094 brevissimo)
729 1999 775 2070 cd
791 2001 974 2072 consortia
990 2023 1139 2074 suorum
1154 2023 1232 2072 con·

129 2115 358 2187 naturalium.
410 2114 554 2209 Recipit
569 2124 693 2188 antem
708 2125 827 2187 motus
846 2115 918 2187 iste
935 2116 1124 2189 rotationis
1139 2117 1232 2188 dine

130 2231 263 2303 rentias
279 2255 418 2304 norem.
466 2230 634 2315 Primam,
651 2234 765 2305 centri
783 2232 847 2315 sui,
864 2232 963 2304 eirca
978 2233 1078 2326 quod
1095 2255 1232 2328 oorpon

128 2355 298 2419 movent:
323 2349 526 2432 secundnm,
551 2348 715 2440 polorum
738 2370 895 2430 suornm,
916 2370 1027 2442 supra
1047 2372 1142 2442 qnos
1164 2372 1232 2419 mo·

128 2472 238 2535 rent:
266 2463 419 2547 tertiam,
443 2464 737 2535 circumferentia
762 2465 837 2535 sire
860 2464 1022 2536 ambitus
1048 2467 1116 2550 sui,
1133 2473 1231 2559 prout

129 2579 303 2649 distante
320 2589 466 2651 centro:
492 2589 667 2673 quartam,
685 2581 902 2651 incitationis
919 2603 1003 2664 suae,
1021 2592 1130 2674 prout
1147 2582 1231 2653 cele·

129 2696 201 2765 rins
217 2705 281 2765 aut
298 2697 433 2767 tardius
451 2706 593 2768 rotant:
620 2698 794 2789 quintam,
808 2698 1105 2788 consequutiouia
1121 2708 1230 2769 motus

128 2815 193 2897 sui,
211 2814 323 2884 veluti
346 2815 392 2885 ab
416 2817 552 2886 oriente
575 2817 613 2886 in
636 2818 869 2898 occidentem,
888 2825 953 2886 eut
975 2817 1023 2888 ab
1050 2818 1230 2889 occidente

127 2931 164 3000 in
191 2932 388 3001 orientem:
418 2942 568 3017 sextam,
596 2933 842 3005 declinationis
867 2955 889 3002 e
915 2933 1051 3005 circulo
1079 2935 1229 3028 perfecto

127 3047 322 3139 peropima
348 3046 489 3141 longius
512 3058 575 3119 eut
598 3051 742 3142 propius
767 3051 941 3120 distantes
957 3072 980 3119 a
997 3059 1126 3121 centro
1148 3071 1228 3122 suo:

127 3164 326 3255 septimam,
358 3162 604 3234 declinationis
633 3188 656 3235 a
686 3163 817 3235 circulo
843 3165 1007 3256 perfecto
1035 3189 1103 3259 per
1128 3168 1229 3259 spirae

128 3277 267 3373 longius
293 3290 357 3350 eut
385 3283 528 3374 propius
558 3282 730 3354 distantes
761 3305 782 3352 a
806 3281 897 3374 polis
927 3283 1024 3353 suis:
1061 3297 1228 3363 octavam,

127 3395 304 3466 distantiae
333 3397 505 3489 propioris
533 3407 598 3467 aut
623 3397 791 3492 longioris
816 3397 990 3490 spiramm
1017 3421 1162 3470 suarum
1189 3398 1228 3470 ad

126 3513 302 3584 invicem:
327 3535 457 3583 nonam
476 3520 514 3584 et
534 3512 712 3596 ultimam,
730 3514 934 3586 variationis
957 3516 1118 3607 ipsorum
1139 3515 1228 3610 polo

126 3651 215 3709 rum,
234 3629 262 3699 si
285 3631 357 3699 sint
374 3628 544 3700 mobiles:
572 3651 650 3723 quae
672 3631 749 3722 ipsa
764 3631 808 3700 ed
831 3631 1050 3702 rotationem
1067 3655 1142 3703 non
1159 3655 1228 3725 per·

126 3745 229 3827 tinet,
248 3747 315 3815 nisi
334 3745 396 3815 fiat
413 3744 640 3816 circulariter.
685 3744 809 3839 Atque
826 3746 895 3816 iste
912 3755 1034 3820 motus
1051 3747 1226 3820 communi

126 3868 165 3930 et
186 3861 384 3930 inveterata
405 3862 569 3952 opinione
592 3860 745 3931 habetur
767 3883 831 3954 pro
854 3863 999 3955 proprio
1022 3864 1226 3936 coelestium.

126 3972 303 4044 Attamen
331 3978 447 4068 gravis
473 3976 519 4047 de
546 3976 608 4046 illo
638 3976 809 4048 motulis
837 3986 894 4048 est
920 3980 1017 4050 inter
1043 3980 1227 4052 nonnullos

126 4100 200 4162 tam
222 4116 268 4161 ex
291 4095 446 4185 antiquis
471 4117 577 4187 quam
604 4096 791 4178 modernis,
811 4097 872 4187 qui
898 4098 1110 4171 rotationem
1135 4110 1227 4171 terro

125 4208 375 4278 attribuemnt.
426 4207 480 4279 At
500 4209 615 4281 multo
640 4210 787 4283 fortasse
806 4211 939 4304 justior
960 4225 1131 4289 moretur
1152 4238 1227 4288 con·

127 4326 303 4407 troversia,
324 4327 368 4417 (si
386 4327 566 4399 moderes
585 4330 721 4400 nonsit
739 4330 882 4401 onmino
906 4341 1014 4405 extra
1031 4346 1227 4411 controver-

337 4556 363 4596 ⁹⁸
382 4557 424 4612 cf.
439 4576 528 4630 supra,
543 4559 615 4631 11.5.
628 4560 662 4617 ad
676 4561 733 4626 lin„
744 4561 799 4619 and
811 4560 849 4620 ll.
863 4561 908 4634 36.
920 4580 965 4620 ex.
980 4581 1007 4622 ο.
