2708 5226
212 573 276 636 roa
536 523 984 638 uovuu'oncnrsuu.

210 737 437 809 definitiones
463 745 502 809 et
526 738 634 820 ideas,
656 737 722 809 hac
748 745 851 810 certe·
872 738 987 810 forma
1011 737 1230 810 inductionis
1248 738 1304 810 sli-

212 864 389 946 quatenus
406 855 532 924 utitur.
584 852 726 926 Vemm
742 854 788 926 ad
805 854 911 947 hujus
927 855 1147 926 inductionis
1162 856 1237 927 sive
1254 855 1307 926 de·

212 971 476 1041 monstrationis
493 971 766 1040 instructionem
784 970 915 1042 bonam
927 979 966 1042 et
978 970 1180 1065 legitimam
1194 992 1309 1064 quam·

212 1085 365 1179 plurima
380 1086 582 1156 adhibenda
598 1094 692 1170 sunt,
709 1109 788 1178 quae
812 1086 930 1158 adhuc
954 1085 1087 1158 nullius
1111 1086 1307 1158 mortalium

213 1203 469 1297 cogitationem
495 1202 654 1288 subiere;
682 1203 773 1273 adeo
797 1204 899 1273 utin
921 1226 964 1274 ea
990 1203 1104 1295 maj0r
1120 1205 1169 1274 sit
1192 1226 1309 1275 oonsu-

212 1317 472 1410 mendaopera,
484 1339 591 1409 quam
609 1317 726 1387 adhuc
743 1327 954 1410 consumpta
970 1327 1026 1388 est
1043 1319 1080 1387 in
1098 1317 1307 1412 syllogismo.

213 1429 336 1524 Atque
349 1432 454 1525 hujus
466 1433 683 1504 inductionis
698 1431 844 1516 auxilio,
857 1455 929 1506 non
946 1433 1062 1505 solum
1074 1433 1122 1504 ad
1135 1435 1310 1506 axiomata

213 1547 437 1629 invenienda,
473 1570 597 1619 verum
631 1549 742 1619 etiam
779 1549 825 1620 ad
863 1550 1027 1622 notiones
1066 1550 1311 1633 terminandas,

214 1664 391 1735 utendum
408 1674 473 1736 est.
509 1661 633 1757 Atque
650 1665 688 1734 in
704 1662 772 1736 hac
788 1673 887 1739 certe
903 1663 1105 1738 inductione
1121 1687 1203 1759 spes
1219 1688 1312 1739 max·

215 1781 288 1850 ima
303 1782 372 1852 sita
390 1788 456 1852 est.

710 1877 814 1952 cvl.

266 2010 319 2083 At
335 2014 373 2084 in
393 2011 631 2085 axiomatibus
656 2015 921 2086 constituendis
942 2037 1008 2108 per
1024 2013 1117 2088 hane
1141 2016 1313 2089 inductio-

215 2151 311 2212 nem,
328 2131 546 2203 examinatio
562 2137 602 2203 et
618 2128 782 2223 probatio
798 2131 910 2202 etiam
927 2129 1091 2204 facienda
1113 2141 1180 2218 est
1198 2142 1312 2205 utrum

215 2246 310 2338 quod
337 2247 568 2319 constituitur
591 2247 735 2320 axioma
761 2255 925 2340 aptatum
951 2249 1001 2318 sit
1024 2256 1181 2333 tantum,
1207 2258 1247 2321 et
1273 2247 1313 2321 ad

217 2382 419 2435 mensuram
444 2364 579 2435 factum
597 2385 720 2435 eorum
744 2361 1020 2455 particularium,
1039 2364 1234 2456 exquibus
1259 2387 1314 2436 ex·

216 2479 392 2560 trahitur;
419 2502 464 2551 an
482 2503 566 2551 vero
590 2481 637 2550 sit
660 2477 812 2570 amplius
836 2487 875 2549 ct
895 2475 1045 2550 latiusw.
1096 2477 1251 2564 Quodsi
1273 2482 1315 2550 sit

216 2596 368 2688 amplius
385 2605 448 2666 aut
465 2594 581 2676 latius,
600 2594 804 2677 videndum,
821 2617 867 2666 an
884 2617 964 2666 eam
989 2617 1090 2667 suam
1113 2596 1315 2690 amplitudi-

216 2733 300 2781 nem
318 2721 357 2783 et
372 2712 611 2793 latitudinem,
630 2733 692 2803 per
710 2731 884 2782 novorum
909 2710 1179 2803 particularium
1205 2714 1316 2806 desig·

216 2826 410 2909 nationem,
428 2828 526 2919 quasi
544 2826 769 2919 fidejussione
795 2827 947 2919 quadam
970 2826 1110 2915 firmet3
1135 2829 1257 2902 nevel
1282 2831 1315 2899 in

211 2943 288 3035 jam
314 2944 408 3013 notis
435 2950 574 3013 tautum
601 2943 807 3025 haereamus,
825 2941 881 3013 vel
904 2941 1039 3015 laxiore
1058 2943 1207 3017 fortasse
1224 2969 1315 3017 com·

218 3057 338 3150 plexu,
355 3057 499 3129 umbras
522 3067 560 3129 et
584 3059 715 3130 formas
739 3057 944 3144 abstractas,
961 3081 1034 3130 non
1058 3061 1173 3133 solida
1198 3072 1237 3135 et
1259 3063 1315 3134 de-

217 3174 408 3244 terminata
433 3175 470 3242 in
496 3174 655 3256 materia,
679 3194 896 3265 prensemus.
948 3171 1037 3246 Haec
1061 3195 1145 3246 rero
1174 3200 1256 3248 cum
1282 3180 1314 3247 in

217 3312 322 3362 usum
345 3289 519 3372 venerint,
543 3288 656 3362 solido
682 3297 761 3359 tum
788 3290 934 3361 demum
959 3312 1038 3383 spes
1063 3294 1195 3364 merito
1220 3292 1315 3366 afful-

219 3410 314 3480 serit.

704 3500 826 3575 CVII.

269 3640 392 3732 Atque
418 3640 476 3711 hic
501 3641 611 3710 etiam
636 3637 889 3709 resumendum
914 3649 981 3724 est,
1004 3644 1099 3734 quod
1125 3636 1315 3736 superius³¹

254 3899 281 3941 ³⁰
298 3901 374 3955 Even
391 3900 457 3954 alter
468 3899 514 3955 the
524 3897 707 3954 introduction
721 3898 753 3952 ol
790 3897 899 3967 noeting
909 3915 926 3952 s
936 3902 1044 3971 penard
1056 3903 1197 3973 systemol
1207 3901 1317 3958 Naum

220 3981 267 4035 the
280 3996 339 4033 new
350 3987 459 4050 qstuu,
468 3979 570 4049 jealous
588 3977 655 4032 hed
673 3985 748 4031 must
792 3973 956 4049 Philosophy
962 3978 1028 4034 with
1040 3980 1185 4051 particular
1197 3981 1316 4037 &ianoe

220 4057 255 4113 be
278 4057 359 4111 taken
383 4058 435 4112 lost
458 4057 570 4112 Axioms
594 4055 627 4111 hs
650 4055 748 4127 hastily
790 4053 882 4109 makes
894 4058 1173 4127 progresswhmms
1188 4060 1258 4115 auch
1275 4075 1317 4131 ge·

221 4154 254 4192 or
273 4135 365 4206 felscly
383 4134 517 4190 assumed.
554 4134 606 4190 For
623 4134 688 4189 then
708 4152 748 4190 rra
790 4134 864 4187 neral
876 4134 1020 4207 principles
1038 4155 1068 4192 as
1085 4137 1144 4193 that
1157 4138 1189 4195 os
1199 4138 1318 4194 Gnrits·

131 4221 135 4230 ‘
222 4212 321 4269 should
338 4230 410 4284 scarp
427 4213 495 4267 lacu
512 4213 570 4268 into
586 4213 665 4284 unity
681 4212 747 4267 with
789 4211 857 4276 tion,
868 4229 900 4267 or
911 4213 942 4268 of
951 4214 997 4270 tiro
1010 4217 1185 4288 propagation
1198 4217 1230 4272 ol
1240 4216 1318 4288 light

222 4291 406 4357 ourtheorles‚
419 4291 507 4347 which
523 4292 546 4347 is
564 4310 581 4347 s
597 4292 660 4346 fatal
675 4309 748 4346 error
790 4289 844 4345 and
866 4290 969 4358 Sonnd,
994 4312 1039 4350 ιη
1060 4294 1225 4351 discovered.
1264 4295 1319 4350 'l'as

221 4375 252 4426 in
264 4369 387 4442 Physical
399 4370 516 4436 Seianas,
534 4370 587 4426 and
606 4379 654 4426 not
670 4369 747 4425 with·
791 4369 906 4426 Anciont
914 4380 1014 4443 system
1025 4374 1056 4429 ol
1061 4371 1318 4446 commenoingwitlr

222 4447 747 4520 outitsdisadvantsgesinlloralssud
791 4450 850 4505 Eas
866 4450 921 4506 and
937 4453 1062 4524 working
1079 4452 1159 4508 down
1177 4453 1216 4526 by
1233 4453 1318 4509 diffor-

224 4527 342 4584 Politice.
790 4531 986 4587 montanesii
999 4532 1316 4597 mummolenus,

257 4603 749 4679 ⁸¹cf.1.103.'1uisworkosson-
791 4608 1060 4683 thehstthingtlssl
1074 4610 1317 4668 lisconwouldis·
