2708 5226
456 581 545 648 ure.
564 581 612 648 ιι.
635 603 688 666 44,
702 598 756 668 45.
1092 585 1157 651 arr

105 741 268 817 Oneroaa
292 753 414 819 autern
435 747 478 820 fit
501 748 628 841 praxis,
646 748 703 819 vel
728 758 873 844 propter
892 749 1077 821 misturam
1104 772 1158 820 re-

57 883 137 930 rum
167 861 368 934 inutilium:
403 862 460 936 vel
490 873 635 958 propter
662 864 999 958 multiplicationem
1028 865 1158 937 instru-

58 985 281 1065 mentorum3
308 979 364 1051 vel
390 989 534 1074 propter
555 980 688 1052 molem
714 982 871 1052 materioe
896 990 935 1053 et
960 1005 1159 1076 corporum,

58 1117 137 1189 qnae
162 1096 207 1166 ad
234 1094 377 1188 aliquod
402 1118 491 1190 opus
520 1097 650 1190 requiri
675 1097 902 1193 contigerint.
953 1097 1082 1191 Itaque
1106 1121 1159 1169 eae

58 1211 237 1283 instantiae
262 1213 298 1282 in
324 1213 438 1306 pretio
463 1235 540 1285 esse
566 1213 708 1298 debent,
726 1237 804 1307 qnae
821 1224 883 1286 ant
901 1216 1059 1310 dirigunt
1075 1237 1160 1308 ope·

57 1330 208 1400 rativam
235 1330 279 1400 ad
306 1353 349 1401 ea
373 1353 451 1422 quae
475 1330 632 1401 maxime
657 1330 843 1402 hominnm
868 1332 1065 1416 intersunt3
1095 1341 1160 1403 ant

58 1468 138 1537 qnae
166 1454 315 1538 parcunt
341 1445 607 1532 instrumentis3
633 1456 696 1516 aut
720 1469 797 1538 qnae
824 1456 975 1541 parcunt
1002 1450 1160 1519 materiae

58 1563 133 1632 sive
157 1560 381 1654 supellectili.
434 1561 504 1633 Eas
529 1569 650 1632 autem
677 1570 749 1634 tres
771 1562 969 1648 instantias,
985 1587 1064 1658 qnae
1089 1564 1161 1635 hnc

58 1680 252 1771 pertinent,
278 1701 351 1748 uno
381 1678 525 1750 nomine
552 1678 737 1749 instantias
759 1680 936 1775 propitias
962 1681 1036 1752 sive
1065 1678 1162 1752 benc·

57 1793 152 1866 eolus
179 1818 356 1866 vocamus.
409 1793 537 1887 Itaque
564 1795 610 1866 de
637 1794 691 1864 his
718 1804 856 1889 septem
884 1797 1061 1868 instantiis
1082 1798 1160 1890 jam

57 1911 242 2006 sigillatim
260 1911 438 1983 dicemus:
456 1919 564 2003 atque
581 1892 663 1982 cum
680 1910 724 1980 iis
741 1919 877 2003 partem
896 1911 994 1984 illam
1012 1913 1058 1984 de
1075 1936 1162 2007 prae·

56 2030 228 2124 rogativis
244 2029 319 2100 sive
334 2026 570 2123 dignitatibus
587 2024 834 2097 instantiarum
851 2025 1068 2100 claudemus.

106 2304 212 2379 Inter
221 2307 474 2406 praeroqotivus
488 2306 748 2390 instantiarum,
773 2328 947 2398 ponemus
973 2307 1052 2379 loco
1069 2310 1162 2383 vice-

53 2424 146 2495 simo
163 2425 279 2517 primo
296 2424 482 2497 instantias
499 2425 617 2522 cirpea,
635 2424 709 2495 sive
731 2421 851 2502 radii:
877 2447 963 2516 quas
980 2426 1090 2496 etiam
1107 2426 1162 2497 ἰιι-

53 2539 203 2612 rmntios
221 2539 441 2636 putationis,
459 2542 517 2613 vel
534 2541 581 2612 de
598 2561 669 2611 uon
692 2537 785 2612 ultra
807 2539 986 2634 appellare
1012 2563 1162 2614 consue-

54 2655 220 2728 umusffi.
271 2658 437 2730 Virtutes
463 2659 558 2729 enim
585 2679 704 2728 rerum
723 2666 761 2729 et
777 2666 898 2728 motus
916 2666 1108 2751 operantur
1124 2666 1163 2730 et

54 2773 298 2869 expediuntur
314 2798 376 2869 per
393 2776 517 2869 spatia,
534 2797 608 2845 non
625 2775 812 2847 indefinita
836 2784 900 2847 aut
923 2774 1081 2859 fortuita,
1098 2774 1161 2847 sed

55 2890 161 2962 finita
187 2899 226 2962 et
251 2899 369 2975 certam
404 2915 482 2984 quae
511 2898 554 2962 ιιι
581 2892 619 2961 in
645 2892 794 2987 singulis
821 2894 956 2964 naturis
985 2892 1163 2984 inquisitis

57 3015 251 3078 teneantur
280 3015 319 3079 et
348 3016 530 3091 notentur,
560 3006 755 3101 plurimum
788 3009 939 3082 interest
970 3009 1162 3103 practicae;

58 3147 131 3195 non
148 3123 265 3196 solnm
281 3124 326 3196 ad
344 3124 413 3197 hoc
430 3133 559 3195 utnon
576 3125 687 3208 fallat,
705 3125 767 3196 sed
784 3126 893 3198 etiem
917 3134 960 3197 ut
980 3127 1092 3221 magis
1116 3127 1164 3198 sit

59 3249 168 3311 aucta
184 3249 222 3312 et
239 3250 375 3334 potens.
428 3238 573 3312 Etenim
590 3241 770 3312 interdum
788 3242 892 3312 datur
909 3243 1059 3314 virtutes
1084 3266 1163 3337 pro·

59 3357 204 3440 ducere,
222 3367 260 3428 et
277 3358 463 3430 distantias
481 3365 651 3449 tanquam
677 3357 858 3428 retrahere
875 3358 911 3427 in
929 3358 1095 3452 propins;
1121 3366 1163 3430 ut

58 3475 97 3545 in
115 3473 335 3568 perspicillis.

110 3588 238 3683 Atque
264 3590 424 3685 plurimae
449 3591 599 3661 virtutes
623 3595 816 3682 operantur
838 3597 875 3659 et
900 3587 1059 3660 afficiunt
1083 3596 1162 3660 tan-

58 3717 141 3780 tum
159 3730 223 3801 per
239 3715 377 3778 tactum
393 3707 644 3790 manifestum;
674 3714 715 3775 nt
732 3704 774 3776 lit
791 3706 826 3776 in
845 3705 1069 3800 percussione
1086 3729 1163 3778 cor-

58 3846 200 3919 porum,
215 3823 277 3894 ubi
293 3822 446 3895 alterum
463 3845 536 3893 non
553 3831 755 3894 summovet
771 3820 935 3906 alterum,
952 3822 1020 3893 nisi
1036 3821 1163 3917 impel-

58 3920 138 4012 lens
155 3939 348 4033 impulsum
366 3946 502 4034 tangat.
554 3936 675 4009 Etiam
695 3938 892 4023 medicinae,
908 3962 988 4032 qnae
1003 3940 1163 4012 exterius

57 4056 294 4151 applicantur,
307 4062 349 4126 ut
365 4063 560 4149 unguenta,
577 4053 776 4147 emplastra,
796 4076 867 4125 non
885 4062 1054 4126 exercent
1070 4056 1162 4129 vires

58 4196 150 4259 suas,
173 4173 240 4245 nisi
267 4197 331 4268 per
351 4180 488 4244 tactum
510 4173 673 4265 corporis.
726 4167 895 4266 Denique
920 4171 1059 4265 objecta
1083 4197 1163 4246 sen-

92 4371 120 4413 ⁸⁸
137 4372 248 4429 “Cases
258 4373 285 4428 ia
298 4372 386 4428 which
398 4371 490 4444 things
505 4389 550 4427 are
560 4380 589 4426 ιο
629 4369 676 4424 the
695 4369 883 4442 Hygrometcn
904 4370 950 4426 the
970 4369 1091 4436 Sextum,
1111 4372 1161 4428 &a

55 4452 90 4509 he
107 4451 251 4508 mensnred
268 4453 297 4507 in
314 4451 537 4523 respecttothair
547 4467 588 4505 re-
632 4448 682 4504 For
704 4449 751 4504 the
774 4450 851 4504 valna
874 4450 928 4505 and
951 4449 997 4505 the
1020 4449 1161 4506 standards

52 4532 138 4587 huon
158 4540 188 4587 to
206 4531 312 4603 apccc”
349 4530 444 4586 Under
462 4529 516 4586 thia
535 4529 589 4584 will
629 4527 661 4582 ot
675 4536 776 4584 correct
792 4527 986 4592 Maenorenon
1007 4527 1161 4584 Husehel’e

53 4627 131 4667 come
142 4610 180 4667 all
188 4609 385 4688 Asnanomical
395 4609 587 4674 lnatmments3
631 4607 784 4673 Dioscoroe,
797 4608 954 4680 §115-124.
