2708 5226
643 589 693 653 xvi

170 754 249 816 Nam
274 752 343 815 huic
367 760 480 815 nostra
504 751 647 816 Scientite
669 751 737 814 finis
760 751 953 837 proponitur,
974 764 1008 815 ut
1031 750 1213 817 inveniantur

126 885 186 925 non
203 864 407 949 Argumenta,
423 862 477 925 sed
491 874 593 939 artes3
617 885 673 926 nec
688 862 845 947 principiis
860 872 1077 937 consentanea,
1092 863 1146 927 sed
1158 863 1216 949 ipsa

126 973 295 1058 principia;
319 995 375 1036 nec
390 972 525 1036 rationes
539 971 724 1057 probabiles,
740 972 795 1034 sed
810 971 1040 1058 designationes
1062 982 1095 1036 et
1113 973 1217 1037 indica·

126 1085 225 1149 tiones
239 1106 377 1170 operum.
420 1084 530 1169 ltaque
545 1106 584 1148 ex
598 1084 768 1148 intentione
783 1083 916 1162 diversa,
931 1084 1074 1148 diversus
1087 1085 1216 1170 sequitur

126 1196 262 1261 effectus.
310 1197 375 1260 Illic
398 1197 478 1260 enim
500 1196 697 1260 adversarius
719 1195 927 1281 disputatione
948 1196 1083 1261 vincitur
1102 1208 1135 1262 et
1155 1220 1218 1261 con-

125 1307 289 1395 stringitur
302 1332 310 1382 ;
333 1307 383 1371 hic
398 1306 522 1371 Natura
536 1327 638 1392 opere.

184 1421 288 1505 Atque
323 1440 392 1484 cum
425 1417 599 1505 hujusmodi
628 1417 689 1481 fine
718 1416 903 1481 conveniunt
932 1419 1220 1485 demonstrationum

126 1530 262 1616 ipsarum
286 1539 399 1593 natura
419 1537 452 1592 ct
474 1529 559 1592 ordo.
605 1529 642 1591 ln
659 1527 774 1614 Logica
796 1525 877 1590 enim
900 1528 1022 1615 vulgari
1045 1551 1143 1616 opera
1162 1531 1222 1594 sese

126 1640 271 1704 univorsa
292 1639 374 1702 circa
395 1637 606 1726 syllogismum
631 1638 828 1703 consumitur.
875 1640 925 1702 De
948 1640 1134 1705 Inductione
1155 1663 1222 1706 vero

127 1751 278 1817 dialectici
294 1752 344 1815 vix
360 1751 441 1815 serio
455 1751 606 1839 cogitasse
621 1752 783 1825 videntur;
800 1749 858 1813 levi
873 1751 1029 1814 mentione
1043 1774 1113 1816 eam
1128 1762 1224 1818 naus

128 1864 296 1938 mittentes,
319 1873 351 1927 et
373 1864 413 1928 ad
435 1863 649 1948 disputationis
671 1861 819 1925 formulas
840 1871 1054 1946 properantes.
1107 1865 1152 1928 At
1172 1886 1223 1928 nos

128 1977 421 2042 demonstrationem
447 1998 503 2061 per
530 1975 749 2063 Syllogismum
775 1974 939 2060 rejicimus,
963 1975 1048 2060 quod
1074 1975 1224 2040 confusius

128 2096 203 2174 agat
229 2095 261 2150 et
284 2087 436 2151 Naturam
461 2087 582 2151 emittat
607 2109 626 2150 e
651 2086 800 2151 manibus.
846 2086 983 2150 Tametsi
1005 2086 1088 2152 enim
1115 2088 1224 2153 nemini

129 2199 255 2264 dubium
271 2220 337 2263 esse
351 2198 456 2284 possit,
471 2197 558 2283 quin,
572 2218 642 2282 qua
656 2196 688 2260 in
702 2197 804 2261 medio
824 2196 956 2260 termino
978 2198 1175 2273 conveniunt,
1189 2221 1225 2263 es

128 2319 160 2374 ct
174 2310 256 2374 inter
270 2332 304 2374 se
323 2308 515 2383 conveniant,
530 2309 627 2393 (quod
642 2319 689 2372 est
709 2307 935 2373 mathematicas
957 2308 1117 2393 cujusdam
1138 2309 1224 2374 certi-

128 2420 271 2503 tudinis);
295 2419 490 2484 nihilominus
513 2421 570 2483 hoo
592 2419 697 2484 subest
719 2418 845 2486 bandis.
861 2418 945 2503 quod
962 2419 1168 2506 syllogismus
1188 2442 1224 2484 es

128 2532 385 2619 propositionibus
407 2541 536 2606 constet,
560 2530 782 2616 propositiones
805 2552 843 2592 ex
867 2529 978 2602 verbis,
1001 2531 1099 2594 verba
1124 2541 1225 2596 autem

128 2643 286 2707 notionum
301 2652 427 2708 tesserae
442 2653 475 2706 et
489 2643 579 2729 signa
593 2641 663 2704 sint.
695 2640 805 2724 Itaque
820 2641 845 2704 si
862 2640 1000 2704 notiones
1015 2640 1091 2726 ipsas
1106 2643 1224 2719 mentis,

129 2757 212 2838 (quae
225 2753 388 2817 verborum
399 2752 486 2838 quasi
501 2750 605 2815 anima
619 2761 700 2825 sunt,
716 2760 748 2814 ct
763 2751 857 2814 totius
871 2750 1046 2836 hujusmodi
1062 2763 1225 2818 structura

127 2873 160 2927 et
182 2864 307 2929 fabrice
329 2864 425 2948 basis)
440 2864 520 2929 male
543 2885 579 2927 ac
603 2872 721 2927 temere
743 2885 762 2926 a
784 2863 877 2926 rebus
898 2863 1065 2928 abstractas
1081 2876 1114 2928 et
1129 2888 1225 2954 vaga,

129 2997 185 3039 nec
200 2974 274 3038 satis
285 2974 420 3039 definita
431 2984 463 3037 et
475 2973 722 3059 circumscripte,
735 2973 867 3058 denique
882 2973 985 3036 multis
1000 2973 1099 3037 modis
1110 2974 1225 3040 vitiosa

129 3084 254 3158 fuerint,
277 3083 379 3147 omnia
400 3093 504 3148 ruunt.
550 3085 716 3170 Rejicimus
739 3084 834 3171 igitur
858 3083 1100 3170 Syllogismum;
1128 3108 1226 3173 noque

130 3193 162 3258 id
184 3194 280 3257 solum
296 3194 399 3278 quoad
421 3193 572 3278 principia
586 3194 639 3276 (ad
654 3215 724 3279 quae
748 3193 869 3257 necilli
892 3215 960 3257 eam
983 3194 1159 3279 adhibent),
1174 3198 1226 3263 sed

129 3304 221 3368 etiam
237 3304 339 3389 quoad
354 3303 578 3389 propositiones
592 3304 726 3379 medias3
750 3325 827 3390 quas
842 3305 945 3368 educit
960 3327 1034 3370 sane
1048 3317 1144 3393 atque
1158 3330 1227 3395 par·

129 3414 216 3488 tunt,
233 3424 388 3499 utcunque
404 3412 627 3501 syllogismum
650 3415 706 3479 sed
720 3437 847 3501 operum
871 3414 992 3478 steriles
1011 3425 1043 3478 et
1058 3437 1078 3480 a
1092 3419 1228 3503 practica

129 3536 274 3601 remotas,
290 3534 323 3590 et
337 3526 429 3611 plane
444 3525 547 3610 quoad
565 3535 686 3611 partem
709 3526 840 3590 activam
863 3527 1059 3593 scientiarum
1076 3531 1228 3618 incompe

130 3646 240 3701 tentes.
286 3637 435 3714 Quamvis
457 3637 553 3724 igitur
567 3638 777 3724 relinquamus
793 3639 978 3726 syllogismo
1001 3652 1033 3704 et
1055 3642 1227 3729 hujusmodi

129 3747 440 3812 demonstrationibus
464 3747 588 3813 famosis
613 3773 649 3813 ac
671 3749 795 3836 jactatis
819 3750 1061 3835 jurisdictionem
1088 3753 1120 3816 in
1146 3765 1228 3819 artes

129 3858 294 3944 populares
320 3866 352 3921 et
381 3858 548 3942 opinabiles
576 3861 631 3940 (nil
661 3861 740 3925 enim
771 3862 802 3924 in
832 3861 889 3924 hac
920 3873 1009 3947 parte
1040 3870 1227 3948 movemus);

130 3980 234 4032 tamen
260 3967 302 4030 ad
321 3967 473 4030 Naturam
497 3991 601 4034 rerum
625 3972 805 4036 Inductiono
828 3994 885 4056 per
911 3974 1021 4043 omnia.
1044 3986 1077 4039 et
1102 3987 1166 4040 tam
1191 3977 1229 4042 ad

129 4078 264 4142 minores
283 4077 505 4163 propositiones
523 4101 614 4165 quam
629 4083 671 4146 ad
690 4084 831 4169 majores,
847 4082 971 4146 utimur.
1019 4084 1227 4150 Inductionem

129 4189 210 4253 enirn
236 4209 393 4252 censemus
419 4211 485 4253 eam
510 4213 575 4256 esse
601 4194 832 4259 demonstrandi
854 4195 993 4265 formam,
1015 4217 1084 4280 quse
1106 4218 1227 4261 sensum

130 4312 246 4373 tuetur,
262 4309 294 4362 et
310 4300 461 4363 Naturam
483 4304 604 4386 premit,
620 4317 650 4367 ot
672 4305 815 4390 operibus
834 4305 972 4369 imminet
992 4328 1028 4369 ac
1046 4305 1113 4369 fere
1133 4307 1229 4370 immi-

129 4422 241 4476 scetus.

178 4524 286 4607 ltaque
307 4525 382 4587 ordo
400 4549 522 4611 quoquc
543 4529 773 4593 demonstrandi
793 4531 886 4614 plane
907 4531 1079 4594 invertitur.
1118 4533 1226 4596 Adbuc
