2708 5226
445 531 536 597 ms.
560 530 587 596 1.
605 551 786 599 rso-112.
1106 540 1169 604 107

59 698 287 770 inventorum
305 694 502 778 cumulum,
519 697 581 790 qui
603 717 675 767 non
698 695 812 768 solum
831 720 879 770 ex
903 701 1169 794 operationibm

59 813 248 907 incognitis
263 812 444 896 eruendis,
461 813 524 884 sed
541 821 581 884 et
597 835 644 884 ex
655 814 733 905 jam
749 815 904 907 cognitis
920 816 1168 902 tranferendis,

59 936 95 1000 et
110 927 382 1023 componendis,
399 934 438 1000 et
454 927 682 1022 applicandis,
700 951 764 1022 per
780 953 870 1014 eam,
885 955 993 1023 quam
1012 935 1169 1006 diximus

58 1045 320 1140 experientiam
338 1044 527 1128 literatum,
545 1044 672 1116 deduci
689 1042 848 1138 possit³⁹.

105 1333 242 1431 Neque
265 1333 355 1407 illud
373 1215 674 1405 omittenduffnxdd
693 1333 892 1407 faciendam
914 1357 1035 1431 spem:
1062 1360 1167 1431 repu-

59 1459 139 1524 tent
169 1450 216 1542 (si
250 1447 385 1545 placet)
418 1449 579 1520 homines
613 1448 770 1521 infinitas
803 1451 950 1546 ingenii,
985 1453 1164 1547 temporis,

59 1565 274 1640 facultatum
292 1587 580 1660 suspensaeque
604 1565 769 1637 homines
791 1567 829 1636 in
847 1567 951 1639 rebus
977 1576 1015 1640 et
1039 1570 1167 1641 studiis

58 1681 167 1781 longe
191 1683 339 1757 minoris
368 1705 452 1754 usus
478 1689 517 1754 et
546 1682 652 1776 pretii
683 1682 883 1768 collocant3
909 1707 1059 1779 quorum
1086 1707 1166 1778 pars

59 1808 170 1897 quota
186 1800 218 1872 si
234 1800 279 1873 ad
297 1822 382 1872 sana
397 1807 437 1870 et
452 1797 566 1871 solida
584 1806 790 1883 verteretur,
809 1798 908 1872 nulla
925 1824 996 1873 non
1014 1801 1166 1874 difficul-

59 1926 112 1989 tas
129 1919 289 2011 superari
305 1916 428 2012 possit.
480 1915 585 2000 Quod
602 1917 735 1987 idcirco
752 1916 948 2013 adjungere
966 1919 1080 1991 visum
1098 1928 1165 2004 cst,

61 2035 144 2128 quia
159 2033 267 2129 plane
284 2033 449 2116 fatemur,
461 2033 614 2106 historiae
631 2032 802 2104 naturalis
820 2043 858 2104 et
875 2035 1166 2130 experimentalis

62 2149 321 2232 collectionem,
339 2148 482 2242 qualem
505 2149 625 2220 animo
650 2149 821 2220 metimur
829 2146 868 2233 ⁴⁰,
885 2161 924 2221 et
949 2151 1063 2244 qualis
1088 2174 1166 2224 esse

62 2266 181 2351 debet,
200 2288 289 2359 opus
313 2288 390 2338 esse
415 2288 597 2362 magnum,
621 2274 659 2335 et
685 2266 783 2357 quasi
809 2266 957 2361 regium,
979 2276 1017 2338 et
1041 2266 1166 2339 multae

63 2404 178 2478 oporae
194 2391 305 2475 atque
321 2383 497 2476 impensae.

112 2653 267 2726 Interim
290 2651 556 2746 particularium
579 2651 848 2724 multitudinem
875 2672 981 2723 nemo
1006 2653 1168 2724 reformi-

65 2771 136 2855 det,
161 2770 251 2863 quin
279 2769 398 2863 potius
425 2767 492 2840 hoc
518 2770 634 2862 ipsum
662 2769 709 2841 ad
739 2792 840 2862 spem
863 2778 1018 2840 revocet.
1070 2769 1166 2841 Sunt

64 2888 159 2959 enim
186 2887 319 2957 artium
342 2894 381 2958 et
404 2895 539 2957 naturae
564 2885 789 2978 particularia
804 2883 1032 2981 plsoeeomcno
1054 2888 1168 2958 mani·

64 3002 138 3096 puli
159 3003 271 3074 instar
293 3001 339 3074 ad
359 3002 493 3096 ingenii
510 3012 723 3086 commenta,
741 3013 929 3096 postquam
954 3002 999 3074 ab
1022 3003 1168 3117 epiden·

65 3120 114 3193 tia
146 3141 268 3192 rerum
302 3117 479 3211 disjuncta
511 3127 550 3190 et
582 3118 760 3191 abstracto
793 3116 975 3191 fuerint⁴¹.
1042 3117 1168 3212 Atque

64 3236 170 3332 hujus
186 3236 252 3309 viae
276 3236 395 3306 exitus
420 3234 459 3305 in
483 3244 606 3328 aperto
633 3245 698 3318 est,
719 3244 759 3307 et
783 3234 858 3307 sere
884 3236 922 3305 in
947 3235 1167 3328 propinquo;

63 3353 208 3425 ulterius
225 3351 346 3424 exitus
362 3349 493 3434 nullm,
506 3351 569 3422 sed
586 3352 782 3445 implicatio
798 3351 949 3423 infinite.
991 3348 1167 3422 Homines

63 3472 159 3541 enim
175 3467 293 3540 adhuc
315 3489 462 3560 parvam
484 3468 522 3536 in
545 3468 766 3560 experientia
782 3489 919 3538 moram
936 3467 1110 3548 fecemut,
1128 3474 1167 3537 et

63 3609 142 3659 eam
172 3584 301 3655 leviter
329 3583 623 3677 perstrinxerunt,
649 3582 711 3655 sed
742 3582 779 3654 in
809 3581 1102 3654 meditationibus
1127 3589 1166 3654 et

62 3698 424 3773 commentationibus
452 3698 585 3793 ingenii
616 3698 795 3768 infinitum
821 3705 963 3791 tempus
989 3700 1167 3770 contrive-

62 3824 157 3890 runt.
208 3811 322 3907 Apud
338 3834 403 3885 nos
419 3834 504 3885 vero
527 3814 556 3885 si
579 3822 672 3887 esset
695 3823 822 3908 presto
839 3814 1023 3908 quispiam,
1041 3813 1102 3908 qui
1121 3813 1166 3885 de

95 4082 122 4125 ⁸⁹
133 4088 152 4114 ‘⁸
161 4082 206 4139 Ex
217 4079 413 4153 opmtionibns
430 4079 593 4152 incognitis''
634 4080 700 4136 tion.
742 4079 783 4136 Ol
803 4080 867 4147 this,
891 4080 1020 4146 however,
1044 4079 1079 4136 he
1102 4082 1166 4154 only

61 4161 167 4218 -cuch
183 4161 220 4232 (e.
233 4160 274 4232 g.)
292 4177 322 4215 ee
341 4158 511 4229 Electricityz
535 4162 593 4213 “ex
634 4159 783 4230 eompleted
794 4169 848 4216 two
859 4161 975 4216 medens
993 4169 1042 4216 out
1058 4160 1090 4216 ol
1106 4160 1165 4226 sin

58 4241 114 4313 jam
125 4237 364 4313 cognitis'’-such
376 4255 406 4293 es
418 4237 464 4292 the
479 4236 593 4308 applice-
634 4237 685 4293 via.
697 4237 743 4293 the
756 4239 878 4295 Historia
893 4239 1032 4295 Ventorum
1048 4238 1103 4294 end
1120 4239 1166 4294 the

60 4314 595 4387 donoloertaluseidstothebleechlng
636 4317 758 4372 Historia
773 4318 995 4374 meslete.

60 4399 91 4455 ol
98 4398 184 4455 lineo.
669 4394 693 4434 ⁴¹
706 4395 774 4452 This
790 4397 872 4455 refers
890 4406 920 4453 to
934 4397 981 4452 the
997 4395 1126 4467 principle
1137 4393 1169 4449 oi

94 4474 122 4517 θ
131 4475 199 4532 This
210 4473 351 4530 collectim
362 4490 417 4529 πω
426 4470 554 4528 intended
565 4480 594 4528 to
635 4471 768 4530 Seleetion
791 4475 822 4531 oi
846 4475 965 4533 Suitable
990 4473 1165 4530 instance·-

62 4550 593 4623 iormthetbirdperteilhelnetsure·
635 4551 875 4626 “herennium”
