2708 5226
125 550 192 614 308
450 549 624 615 NOVUM
647 547 898 615 OBGANUM.

125 714 195 784 etio
212 721 382 806 tanquam
399 715 559 808 quaedem
575 716 741 797 ecstasin
767 737 850 785 cum
872 714 945 784 ieta
971 712 1095 806 potius
1112 711 1157 784 ab
1172 734 1229 784 er-

125 830 311 922 potientis,
327 841 367 902 et
383 840 424 901 ut
441 832 601 925 positiva,
617 832 727 923 recipi
750 831 916 901 debeant.
971 827 1028 899 At
1042 830 1083 899 in
1106 841 1226 901 natan

126 945 286 1038 profecto
312 958 396 1017 sunt
420 948 581 1040 quaedam
607 946 734 1056 ultime
760 956 797 1018 et
822 943 1079 1028 incaueabilia;
1113 969 1230 1018 verum

127 1061 195 1132 hoc
213 1085 260 1134 ex
276 1061 347 1134 illis
371 1086 443 1134 non
459 1085 536 1134 esse
553 1062 703 1133 videtur.
754 1062 906 1132 Etenim
930 1061 1000 1133 hoc
1018 1061 1098 1132 lieri
1115 1065 1230 1134 existi·

127 1200 267 1249 mamus
291 1201 338 1249 ex
360 1180 513 1271 quedam
538 1179 723 1250 harmonio
747 1186 786 1249 et
811 1200 988 1248 consensu
1014 1179 1156 1264 mundi,
1176 1179 1230 1272 qui

128 1295 246 1365 adhuc
271 1317 342 1365 non
361 1296 459 1366 venit
478 1296 515 1366 in
531 1289 860 1365 observationemffi.
912 1293 1022 1378 Quod
1040 1296 1072 1366 si
1089 1296 1230 1390 recipia-

129 1421 189 1481 tur
205 1421 325 1482 motus
341 1420 443 1482 terre
458 1410 505 1482 ab
521 1411 707 1481 occidente
724 1411 762 1480 in
777 1412 975 1493 orientem
1001 1411 1142 1482 eedem
1165 1435 1232 1482 ma·

130 1536 219 1596 nent
235 1529 455 1620 quaestiones.
500 1525 596 1598 Nam
615 1536 653 1596 et
671 1527 746 1620 ipsa
762 1549 870 1619 super
886 1526 1028 1619 aliquos
1044 1527 1148 1621 polos
1162 1552 1233 1599 mo-

131 1651 244 1712 vetur.
295 1642 428 1735 Atque,
447 1666 510 1712 cur
531 1643 678 1714 tandem
700 1644 857 1716 debeant
882 1643 945 1714 isti
971 1643 1046 1738 poli
1073 1644 1232 1716 collocari

131 1758 243 1851 magis
260 1758 321 1829 ubi
338 1767 431 1841 sunt,
449 1781 557 1851 quam
582 1755 691 1829 alibi?
744 1757 840 1830 Item
858 1761 1051 1844 verticitas,
1069 1771 1111 1832 et
1125 1763 1233 1833 direc-

132 1874 193 1957 tio,
211 1885 249 1945 et
266 1873 457 1946 declinatio
473 1877 649 1969 magnetis
665 1875 711 1945 ad
729 1874 824 1946 hunc
851 1885 994 1947 motum
1019 1878 1230 1949 referuntur.

133 1989 252 2061 Etiam
269 1992 498 2063 inveniuntur
514 1994 552 2063 in
568 1991 774 2085 corporibus
792 2001 867 2062 tem
889 1993 1116 2066 naturalibus
1132 2017 1232 2089 qnam

131 2107 383 2190 artificialibus,
409 2109 602 2201 presertim
628 2107 914 2191 consistentibus,
941 2118 981 2181 et
1010 2133 1086 2181 non
1111 2111 1233 2196 fluidis,

132 2223 319 2295 collocatio
349 2226 510 2318 quaedam
541 2234 581 2295 et
609 2225 768 2317 positure
797 2224 968 2315 partium,
997 2234 1038 2296 et
1067 2235 1232 2319 tanquam

133 2339 206 2410 villi
225 2349 264 2412 et
280 2340 387 2425 fibrae,
404 2364 483 2433 quae
499 2340 690 2434 diligenter
706 2339 964 2433 investigandae
978 2351 1089 2426 eunt3
1114 2351 1233 2436 utpote

133 2458 209 2527 sine
227 2479 375 2548 quarum
392 2457 598 2527 inventione
622 2478 768 2547 corpore
790 2453 853 2524 illa
878 2457 1072 2528 commode
1095 2460 1233 2530 tractari

133 2581 197 2641 aut
214 2574 287 2664 regi
305 2595 376 2641 non
394 2582 551 2666 possunt.
599 2571 651 2641 At
669 2569 916 2642 circulationes
933 2571 1013 2642 illas
1030 2574 1068 2644 in
1088 2574 1233 2668 liquidis,

135 2712 199 2780 per
225 2687 407 2779 quasilla,
437 2690 522 2757 dum
551 2711 669 2780 pressa
696 2688 777 2769 sint,
804 2696 1000 2780 antequam
1026 2712 1065 2761 se
1093 2691 1234 2762 liberare

136 2814 293 2894 possunt,
311 2826 349 2873 se
375 2805 528 2873 invicem
554 2803 724 2884 relevant,
744 2814 786 2872 ut
814 2807 1119 2895 compressionem
1144 2808 1233 2878 illam

136 2941 182 2986 ex
200 2941 300 3008 aequo
319 2918 482 3000 tolerent,
500 2920 616 2989 motui
633 2915 799 2988 libertatis
816 2918 933 2989 verius
949 2921 1182 3014 assignamus.

187 3037 277 3124 (15.)
304 3033 361 3103 Sit
378 3043 496 3105 motus
514 3036 674 3105 decimus
691 3035 848 3126 quintus,
866 3043 979 3105 metus
990 3039 1234 3130 pertransitio

137 3149 202 3231 nic,
220 3151 295 3220 sive
322 3158 431 3221 motus
455 3149 641 3221 secundum
667 3146 854 3236 mentac⁹⁶,·
882 3173 1074 3244 perquem
1094 3156 1235 3226 virtutes

137 3290 322 3359 corporum
340 3268 451 3360 magis
469 3279 531 3338 eut
549 3268 666 3337 minus
683 3267 939 3359 impediuntur,
960 3278 1026 3339 aut
1042 3271 1236 3363 provehun-

140 3397 199 3454 tur
214 3409 236 3455 a
253 3384 379 3454 mediis
396 3385 562 3476 ipsorum,
582 3406 644 3475 pro
662 3393 789 3453 natura
804 3406 995 3474 corporum
1013 3396 1051 3455 et
1070 3389 1237 3458 virtutum

138 3503 373 3594 operantium,
390 3511 498 3591 atque
524 3501 631 3569 etiam
660 3498 780 3569 medii.
832 3497 946 3569 Aliud
967 3501 1065 3571 enim
1086 3504 1237 3574 medium

140 3616 210 3686 luci
236 3617 415 3697 convenit,
433 3616 528 3685 aliud
554 3637 651 3713 sono,
669 3614 765 3685 aliud
792 3612 900 3684 calori
927 3624 966 3685 et
992 3616 1130 3710 frigori,
1147 3618 1236 3690 aliud

141 3733 331 3802 virtutibus
359 3731 580 3825 magneticis,
605 3753 671 3800 nec
700 3753 768 3800 non
796 3728 874 3800 aliis
901 3732 1087 3804 nonnullis
1111 3757 1239 3827 respec-

141 3852 225 3919 tive.

193 3962 284 4058 (16.)
311 3963 368 4033 Sit
394 3973 512 4034 motus
540 3963 698 4034 decimus
727 3974 860 4045 sextus,
888 3973 1001 4035 motus
1032 3968 1151 4064 reptos
1178 3966 1240 4061 (ita

177 4142 203 4181 ⁹⁵
214 4141 341 4196 Thisbes
353 4141 420 4195 been
433 4140 553 4205 iulfilled,
566 4139 671 4210 though
711 4139 799 4194 which
823 4158 875 4211 any
899 4158 1003 4213 ageucy
1024 4143 1049 4198 is
1073 4144 1175 4200 carried
1196 4162 1241 4207 ους

144 4233 190 4277 not
208 4239 237 4274 as
251 4220 342 4274 Becon
354 4218 470 4289 thought
488 4220 508 4272 it
521 4217 610 4273 would
629 4219 671 4282 ba,
712 4237 741 4272 as
753 4218 831 4272 when
848 4218 910 4273 beat
928 4238 959 4275 or
972 4221 1043 4292 light
1061 4240 1108 4277 ere
1124 4221 1241 4278 modilitd

142 4300 245 4372 hythe
266 4297 403 4367 discovery
423 4297 454 4352 ot
472 4297 517 4353 the
539 4298 673 4351 universal
712 4295 749 4368 by
767 4297 877 4367 passing
895 4297 1016 4370 through
1039 4300 1164 4356 different
1184 4301 1242 4356 sub·

145 4379 207 4433 st
218 4377 249 4432 oi
259 4376 433 4430 Gravitation.
714 4384 826 4429 stanceu
862 4374 958 4431 Under
969 4377 1025 4432 this
1037 4377 1109 4434 head
1120 4380 1205 4452 might
1215 4381 1243 4434 te

179 4457 205 4496 ⁹⁶
221 4456 288 4510 'lhis
309 4456 378 4508 class
399 4453 480 4508 refers
500 4454 564 4525 only
581 4463 611 4508 to
627 4453 674 4508 the
714 4453 806 4523 placed
825 4453 870 4506 the
888 4453 1044 4511 discussion
1061 4476 1099 4512 ou
1118 4459 1242 4513 “idotion

144 4537 221 4592 effect
229 4532 327 4591 caused
337 4532 371 4604 by
380 4532 425 4586 the
436 4531 544 4586 medem
555 4531 674 4604 through
715 4532 744 4586 in
757 4531 892 4602 Resistiug
905 4533 1018 4588 Medie”
1031 4535 1061 4590 in
1075 4536 1226 4607 Dynemios.
