2708 5226
125 594 189 656 188
449 591 621 656 NOVUM
644 590 895 656 ORGANUM.

127 759 185 825 14.
208 755 281 826 Pcr
305 754 552 824 accensionem
577 752 702 824 caloris
727 776 773 823 ax
802 754 988 825 attritione
1014 771 1196 844 corporum

211 869 313 962 refice
330 878 494 939 naturam
511 868 751 962 principalem.
798 867 978 939 Naturam
994 866 1200 960 principalem

213 1006 379 1057 vocamus
396 1007 486 1068 cam,
500 1008 577 1076 quse
594 986 746 1077 positiva
762 985 937 1078 reperitur
952 983 990 1053 in
1007 993 1137 1065 natura,
1151 1004 1202 1052 nac

212 1107 378 1170 causatur
394 1121 416 1169 a
432 1109 558 1170 natura
575 1100 808 1192 praecedente.

125 1214 221 1286 Sunt
245 1224 284 1286 et
308 1213 386 1286 aliae
411 1223 566 1286 naturae:
593 1237 710 1307 neque
735 1217 832 1285 enim
858 1213 998 1285 tabulas
1023 1214 1207 1285 conficimus

213 1331 397 1425 perfectas,
414 1331 478 1401 sed
494 1330 659 1423 exempla
676 1338 829 1401 tantum.

176 1446 312 1519 Omnes
326 1454 365 1517 at
378 1445 527 1541 singulae
539 1454 673 1517 natura
685 1446 864 1538 praedietae
876 1468 947 1516 non
960 1453 1044 1516 sunt
1056 1467 1103 1517 ex
1115 1445 1210 1515 forma

124 1561 240 1634 calidi.
291 1561 415 1655 Atque
441 1562 487 1633 ab
508 1560 672 1633 omnibus
697 1562 834 1632 naturis
857 1561 1035 1654 predictis
1057 1559 1211 1632 liberatur

125 1679 233 1750 homo
249 1679 287 1748 in
304 1680 508 1771 operatione
524 1701 631 1771 super
646 1676 813 1749 calidum.

176 1896 298 1991 Atque
315 1900 353 1968 in
366 1897 540 1970 anclanca
551 1797 751 1993 jacthlhlht
768 1898 1003 1969 fundamenta
1019 1897 1211 1969 inductionis

127 2037 229 2096 verse,
245 2038 324 2106 quae
342 2024 464 2086 tamen
488 2039 559 2086 non
582 2015 765 2109 perficitur
787 2016 902 2086 donec
923 2015 1071 2085 sistatur
1086 2017 1122 2085 in
1138 2014 1213 2084 affir·

128 2132 270 2203 matina.
322 2128 454 2222 Neque
473 2153 556 2202 vero
574 2133 649 2224 ipsa
665 2127 839 2202 andusiae
855 2129 931 2200 ullo
948 2130 1057 2201 modo
1075 2130 1214 2223 perfecta

127 2255 193 2332 est,
205 2270 323 2340 neque
339 2247 429 2318 adeo
447 2269 523 2317 essa
539 2255 659 2339 potest
675 2247 742 2317 sub
759 2247 880 2317 initiis.
921 2245 988 2316 Est
1005 2248 1103 2317 enim
1118 2240 1214 2316 acela

127 2363 203 2435 noa
229 2373 287 2452 (nt
312 2362 418 2456 plane
452 2361 577 2454 liquet)
604 2362 742 2456 rejectio
769 2371 977 2434 naturarum
1005 2362 1213 2455 simplicium.

128 2478 234 2563 Quod
260 2480 289 2550 si
316 2502 385 2549 non
414 2478 607 2549 habeamus
629 2478 747 2549 adhuc
770 2479 880 2550 bonas
898 2486 1054 2549 etseras
1070 2478 1215 2549 notiones

128 2606 335 2666 naturarum
352 2593 579 2687 simplicium,
589 2595 770 2686 quomodo
782 2594 970 2666 rectificari
988 2589 1216 2687 potestante

127 2711 235 2782 oica?
272 2710 325 2782 At
342 2709 522 2780 nonnullae
539 2733 586 2779 ex
603 2711 814 2803 supradictis
832 2710 960 2799 (veluti
981 2713 1083 2781 notio
1101 2721 1216 2781 natura

129 2826 366 2907 elementaris,
401 2826 501 2896 notio
535 2834 670 2896 uaturae
703 2825 867 2909 coelestis,
898 2827 999 2898 notio
1032 2825 1216 2913 tenuitatis)

131 2954 216 3013 sunt
236 2945 399 3014 notiones
416 2966 521 3037 vagae,
539 2966 605 3014 nec
628 2943 720 3013 bene
744 2945 952 3013 terminatae.
1006 2942 1134 3036 Itaque
1158 2963 1217 3019 nos,

131 3059 192 3153 qui
216 3083 283 3131 nec
306 3061 418 3154 ignari
442 3082 574 3142 sumus,
592 3083 658 3130 nec
676 3060 788 3141 obliti,
807 3070 982 3151 quantum
998 3081 1089 3151 opus
1111 3079 1218 3152 aggre-

131 3180 279 3260 diamur,
298 3179 378 3272 (vin
397 3187 438 3247 ut
462 3178 631 3248 faciamus
655 3176 879 3247 intellectum
906 3176 1105 3248 humanum
1130 3177 1218 3246 rebus

132 3303 171 3366 at
188 3303 322 3365 naturae
340 3290 475 3386 parem)
494 3291 593 3362 nullo
615 3293 721 3362 modo
744 3293 1000 3385 acquiescimus
1017 3293 1056 3362 in
1073 3291 1139 3377 his,
1155 3311 1220 3382 quae

132 3411 249 3482 adhuc
266 3411 516 3503 precepimus:
543 3408 605 3480 sed
623 3417 660 3478 et
677 3432 752 3479 rem
770 3409 806 3477 in
825 3408 974 3479 ulterius
997 3408 1219 3500 provehimus

132 3539 170 3599 et
187 3528 332 3603 fortiora
354 3525 489 3597 auxilia
513 3527 550 3595 in
571 3521 675 3595 usum
702 3525 908 3596 intellectus
933 3525 1176 3596 machinamur
1192 3530 1221 3592 et

132 3644 393 3725 ministramus3
432 3665 509 3733 quac
540 3665 635 3712 nunc
665 3640 931 3735 subjungemus.
989 3639 1040 3711 Et
1070 3640 1222 3712 certain

133 3758 414 3852 interpretatione
430 3766 567 3828 natnrae
587 3759 725 3827 animus
750 3759 894 3828 omnino
921 3756 1044 3828 taliter
1070 3768 1125 3828 est
1149 3777 1224 3850 pra·

133 3873 308 3967 parandus
330 3881 369 3943 et
386 3873 601 3956 formandus,
619 3883 661 3943 ut
683 3882 721 3944 et
747 3874 919 3944 sustineat
944 3896 982 3944 se
1006 3874 1042 3943 in
1068 3874 1224 3968 gradibm

134 3989 263 4060 debitis
291 3988 523 4072 certitudinis,
550 3998 587 4060 st
614 3997 736 4085 tamen
766 3991 902 4084 cogitet
930 3992 1141 4081 (praesertim
1169 3986 1225 4059 sub

134 4105 260 4196 initiis)
287 4127 338 4185 ca,
363 4128 441 4196 quae
469 4107 608 4188 adsunt,
635 4103 790 4175 multum
820 4106 975 4198 pendere
1005 4128 1052 4175 ex
1082 4106 1137 4191 iis,
1159 4125 1226 4197 quc

135 4229 334 4314 supersunt.

652 4320 742 4390 XX.

185 4417 358 4490 Attamen
372 4419 455 4510 quia
467 4421 572 4490 citius
589 4417 772 4514 emergit²⁴
788 4421 916 4490 veritas
932 4442 978 4490 ex
997 4443 1115 4491 errore
1130 4440 1229 4513 quam

170 4606 196 4647 ²⁴
207 4605 264 4660 Not
279 4605 384 4677 always.
419 4605 478 4660 'l'he
496 4624 620 4678 progressa
637 4608 666 4663 iu
683 4625 700 4662 a
716 4626 810 4681 wrong
827 4607 881 4663 and
898 4625 915 4662 a
932 4606 1040 4662 definite
1052 4607 1108 4663 lina
1126 4607 1149 4663 is
1167 4621 1230 4662 mort
