2708 5226
194 547 261 610 252
526 537 699 606 NOVUM
725 533 986 605 ORGANUM.

196 704 348 776 flamme
365 713 420 776 est
436 703 551 786 latior,
569 711 670 774 tanto
687 711 812 775 vertex
829 699 1034 772 sublimior:
1061 700 1188 788 itaque
1205 695 1295 764 vide·

197 831 257 893 tur
281 821 493 914 principium
523 819 769 893 exstinctionis
799 818 874 888 ficri
899 818 993 888 circa
1018 813 1144 897 latera,
1169 812 1233 883 ubi
1256 810 1295 881 ab

195 940 277 1010 a'e're
293 937 437 1008 flamma
453 938 709 1030 comprimitur,
727 945 765 1006 et
782 933 875 1005 male
892 933 1057 1004 habetur.
1108 928 1165 1000 At
1190 927 1296 1000 medi·

196 1051 301 1126 tullia
317 1053 480 1137 flamme,
496 1076 574 1145 quae
599 1055 659 1123 air
679 1074 752 1123 non
776 1051 963 1145 contingit,
979 1049 1043 1120 sed
1069 1047 1144 1118 alia
1158 1045 1296 1116 flamma

196 1170 357 1262 undique
374 1168 568 1249 circundat,
585 1168 712 1239 eadem
728 1189 879 1237 numero
895 1172 1067 1249 manent3
1093 1184 1216 1256 neque
1239 1184 1296 1231 ex·

197 1286 422 1381 tinguuntur,
450 1285 563 1356 donec
592 1283 764 1377 paulatim
793 1289 1029 1378 angustentur
1052 1280 1101 1351 ab
1129 1281 1212 1350 aiirc
1239 1300 1297 1371 per

197 1401 310 1474 latera
334 1400 557 1474 circumfuso.
609 1399 737 1492 Itaque
762 1400 878 1470 omnis
905 1398 1050 1469 flamma
1075 1393 1297 1490 pyramidalis

196 1527 254 1590 est
283 1518 358 1589 basi
384 1518 477 1590 circa
501 1517 664 1588 fomitem
690 1515 830 1609 largior,
857 1516 989 1585 vertice
1017 1521 1143 1584 autem
1171 1510 1296 1601 (inimi-

197 1643 302 1706 cante
328 1637 419 1715 aire,
436 1657 503 1706 nec
528 1633 779 1727 suppeditante
805 1630 945 1720 fomite)
963 1630 1114 1701 acutior.
1167 1626 1221 1698 At
1244 1628 1296 1698 fu·

197 1771 278 1820 mus
303 1751 485 1844 sngrrstior
504 1750 599 1821 circa
624 1749 737 1820 basim
763 1747 986 1820 ascendendo
1003 1744 1189 1829 dilatatur,
1206 1753 1243 1815 et
1257 1744 1296 1814 lit

198 1873 368 1957 tanquam
386 1865 539 1958 pyramis
555 1866 713 1950 inversa3
739 1866 823 1958 quia
847 1862 985 1935 scilicet
1000 1863 1063 1932 aiir
1079 1861 1222 1932 fumum
1246 1884 1296 1932 re-

196 1982 297 2074 cipit,
314 1979 494 2051 flammam
518 1979 650 2074 (neque
674 1982 770 2052 enim
794 1981 969 2073 quispiam
993 1977 1161 2061 somniet,
1182 1978 1294 2049 airon

198 2121 276 2171 eme
291 2098 472 2169 flammam
489 2120 682 2182 accensam,
701 2121 783 2169 cum
807 2099 880 2169 sint
895 2118 1043 2189 corpora
1067 2095 1176 2188 plane
1201 2094 1295 2167 hete-

197 2215 366 2310 rogenea)
384 2215 597 2308 comprimit.

248 2329 461 2403 Accusatior
493 2341 615 2404 autem
644 2334 778 2427 poterit
807 2353 885 2405 esse
912 2329 1084 2403 imtoniio
1114 2328 1229 2401 crucis
1255 2327 1296 2399 ad

199 2446 291 2518 hano
319 2470 393 2519 rem
409 2448 686 2533 accommodata,
705 2450 735 2519 si
757 2471 814 2520 res
833 2448 925 2518 forte
949 2446 1171 2517 manifestari
1194 2446 1298 2539 possit

199 2586 264 2656 per
279 2563 438 2634 flammas
454 2563 636 2635 bicolores.
688 2563 859 2657 Capiatur
877 2565 989 2658 igitur
1005 2563 1115 2633 situla
1131 2585 1240 2656 parva
1255 2583 1295 2632 ex

197 2677 356 2759 metallo,
374 2687 412 2750 et
434 2679 470 2748 in
488 2702 531 2750 ea
553 2680 684 2772 figatur
707 2704 815 2773 parva
833 2679 981 2752 candele
999 2702 1104 2751 cerea
1128 2700 1295 2757 accensa;

200 2802 354 2885 ponatur
385 2792 492 2864 situla
526 2795 561 2863 in
592 2803 724 2886 patera,
751 2804 789 2866 et
818 2794 1125 2866 circumfundatur
1159 2795 1296 2887 spiritns

199 2908 271 2978 vini
303 2909 340 2977 in
366 2911 505 2980 modica
532 2912 742 3002 quantitate,
775 2935 857 3004 quae
883 2912 928 2983 ad
959 2910 1058 2981 labra
1083 2911 1202 2981 sitnlae
1230 2933 1295 2980 non

198 3025 373 3117 attingat3
399 3036 475 3095 tum
501 3027 655 3097 accende
682 3028 845 3119 spiritum
864 3029 946 3096 vini.
997 3023 1051 3095 At
1073 3027 1219 3119 spiritus
1241 3023 1296 3095 ille

199 3139 272 3209 vini
296 3139 482 3211 exhibebit
499 3140 677 3212 flammam
696 3144 807 3237 magis
830 3143 968 3213 scilicet
988 3142 1190 3224 caeruleam,
1209 3139 1298 3234 lych-

198 3276 266 3323 nus
299 3252 456 3325 candelae
490 3265 611 3326 autem
646 3259 758 3350 magis
792 3256 932 3328 flavam.
989 3255 1153 3327 Notetur
1181 3257 1298 3347 itaque

198 3380 319 3440 utrum
346 3370 488 3441 flamma
513 3370 629 3465 lychni
657 3374 777 3465 (quam
802 3374 905 3445 facile
931 3381 987 3444 est
1011 3395 1076 3465 per
1100 3372 1256 3443 colorem
1280 3393 1299 3439 a

198 3485 340 3558 flamme
365 3489 509 3580 spiritus
526 3489 597 3559 vini
615 3489 856 3584 distinguerc;
886 3512 1002 3582 neque
1024 3491 1122 3559 enim
1141 3488 1299 3569 flamme,

197 3612 240 3674 ut
262 3603 426 3697 liquores,
443 3606 563 3675 statim
585 3607 876 3699 commiscentur)
899 3616 1040 3676 maneat
1064 3604 1299 3698 pyramidalis,

198 3742 242 3789 sn
261 3723 381 3813 potius
400 3723 513 3816 magis
530 3723 655 3793 tendat
672 3721 715 3792 ad
734 3722 884 3792 formam
901 3720 1094 3815 globosam,
1113 3744 1199 3791 cum
1215 3718 1299 3790 nihil

198 3835 399 3906 inveniatur
414 3839 509 3930 quod
528 3861 607 3910 eam
624 3838 784 3909 destruat
807 3848 871 3909 aut
887 3839 1109 3930 comprimat.
1161 3835 1217 3907 At
1237 3835 1300 3906 hoc

199 3954 374 4044 posterius
408 3955 437 4024 si
467 3954 540 4037 fiat,
571 3978 716 4025 manere
747 3954 926 4026 flammam
961 3954 1113 4024 eandem
1143 3976 1301 4035 numero,

198 4068 369 4160 quamdiu
396 4070 490 4140 intra
517 4069 622 4141 aliam
653 4069 832 4141 flammam
859 4069 1103 4151 concludatur,
1134 4093 1204 4141 nec
1232 4069 1299 4138 vim

198 4185 377 4254 inimicam
396 4188 485 4257 airis
503 4189 715 4280 experiatur,
734 4210 796 4279 pro
814 4196 912 4258 certo
930 4186 1136 4279 ponendum
1154 4197 1220 4258 est.

248 4299 373 4394 Atque
400 4304 446 4373 de
476 4304 654 4374 instantiis
680 4304 792 4375 micis
819 4304 895 4375 haec
921 4305 1016 4374 dicta
1041 4299 1157 4373 sintii
1210 4301 1300 4375 Lon·

233 4465 260 4505 ²⁴
272 4465 443 4539 CiPlayiuir,
454 4467 636 4540 Eurycllirit.
649 4468 701 4522 vol.
710 4468 728 4522 i.
770 4467 902 4522 branchos
909 4467 940 4522 oi
945 4467 1048 4522 scicncc
1055 4464 1234 4536 wbemit(thc
1241 4482 1297 4521 cru·

199 4544 325 4600 Disaiii.
356 4563 384 4617 p.
396 4545 457 4614 466.
511 4545 573 4601 “ln
596 4546 725 4601 ulltbose
766 4546 816 4602 cial
827 4545 1295 4618 method)cannoteaailyberesort·
