2708 5226
590 605 652 671 xvii

66 763 144 827 enim
163 783 219 828 res
238 763 285 829 ita
303 765 369 853 geri
388 766 553 841 coronavit,
569 777 605 830 ut
624 788 749 832 asensu
764 777 795 832 et
816 771 1052 856 particularibus
1071 777 1170 861 primo

66 873 129 938 loco
153 874 198 940 ad
224 875 358 941 maxime
380 878 539 964 generalia
559 878 732 956 advolatur,
752 888 900 967 tanquam
922 885 964 950 ad
985 888 1072 974 polos
1092 889 1171 954 fixos

65 985 147 1050 circe
176 1007 258 1073 qnos
286 987 507 1095 disputqtiones
535 999 718 1068 vertantnr3
751 992 792 1057 ab
813 992 873 1058 illis
894 1005 1008 1062 catera
1029 1020 1087 1085 per
1107 1021 1172 1063 me-

63 1096 116 1162 dia
135 1097 338 1166 deriventm:
370 1100 420 1166 ria
442 1110 527 1166 certe
549 1102 780 1189 compendiaria
803 1105 858 1171 sed
879 1108 1049 1195 praeeipiti3
1076 1119 1109 1176 et
1130 1113 1171 1176 ad

64 1207 223 1274 Naturam
256 1210 413 1298 impervia,
450 1212 492 1277 ad
529 1213 752 1300 disputationes
784 1236 858 1279 vero
894 1217 1021 1303 proclivi
1053 1230 1086 1284 et
1121 1244 1171 1286 ae-

65 1321 270 1387 oommodata
316 1325 359 1388 At
380 1324 547 1390 seeundum
570 1346 627 1389 nos
640 1325 808 1390 Axiomata
829 1329 1023 1395 continenter
1045 1341 1078 1396 et
1099 1354 1172 1420 gra·

64 1431 164 1496 datim
181 1432 367 1511 excitantur,
391 1444 426 1500 ut
448 1456 511 1499 non
533 1435 592 1498 nisi
613 1445 770 1521 postremo
790 1436 856 1504 loeo
878 1440 920 1505 ad
941 1442 1172 1528 generalissima

64 1543 232 1610 veniatur:
257 1566 296 1609 ea
318 1567 393 1610 vero
414 1544 647 1633 generalissima
669 1545 816 1621 evadunt,
838 1567 901 1609 non
924 1545 1093 1610 notionalia
1116 1547 1172 1611 sed

64 1655 144 1720 bene
170 1656 347 1733 terminata,
369 1665 403 1723 et
425 1657 502 1722 talin
525 1678 595 1742 qua
619 1657 747 1724 Natura
773 1669 809 1723 ut
831 1678 943 1722 revera
967 1656 1025 1722 sibi
1050 1659 1172 1724 notiora

63 1774 225 1852 agnoscat,
241 1788 372 1854 quaque
386 1768 480 1833 rebus
495 1769 636 1834 haereant
650 1771 683 1835 in
697 1771 849 1836 medullis.

106 1879 153 1941 At
179 1876 212 1941 in
236 1877 337 1944 forma
361 1879 429 1966 ipsa
451 1900 574 1966 quoque
598 1881 797 1957 inductionis,
820 1890 853 1947 et
870 1881 987 1968 jndicio
1009 1881 1092 1966 quod
1113 1904 1171 1969 per

64 2009 133 2053 eom
159 1987 207 2065 fit,
233 2011 312 2076 opus
333 1991 425 2079 longe
449 1993 616 2058 maximum
639 2016 806 2059 moremus.
863 1995 911 2060 Ea
937 1994 1018 2059 enim
1044 1994 1084 2059 de
1109 2017 1171 2081 qua

65 2099 229 2166 Dialectici
250 2101 427 2188 loquuntur,
443 2125 513 2189 quae
533 2103 675 2190 procedit
693 2125 752 2191 per
773 2105 1037 2170 enumerationem
1057 2105 1171 2191 simpli-

63 2231 140 2286 cem,
155 2211 277 2297 puerile
291 2211 437 2297 quiddam
457 2223 513 2290 est,
530 2223 563 2280 et
580 2215 720 2300 precario
740 2216 905 2291 concludit,
920 2225 953 2281 et
973 2216 1110 2302 periculo
1129 2216 1170 2281 ab

62 2322 213 2388 instantis
225 2322 464 2390 contradictoria
478 2326 654 2412 exponitur,
669 2334 703 2391 et
716 2335 863 2391 consueta
877 2336 999 2392 tantum
1013 2328 1169 2403 intuetur-3

62 2458 118 2502 nec
132 2436 254 2501 exitum
268 2435 394 2523 reperit.

103 2547 205 2634 Atqui
220 2569 297 2634 opus
311 2556 359 2613 est
373 2546 415 2611 ad
429 2546 571 2612 scientias
587 2547 776 2613 Inductionis
795 2548 897 2612 forma
911 2547 976 2624 tali,
992 2570 1062 2634 quae
1077 2570 1171 2635 expe-

61 2659 207 2725 rientiam
221 2659 321 2725 solvat
335 2669 368 2725 et
384 2670 518 2746 separet,
534 2668 567 2725 et
580 2683 638 2747 per
657 2658 847 2725 exclusiones
860 2683 897 2726 ao
916 2660 1098 2748 rejectiones
1117 2662 1171 2727 de-

62 2771 143 2837 bitas
165 2771 339 2837 neeessario
362 2771 533 2837 concludet.
580 2772 672 2850 Quod
694 2771 886 2859 sijudicium
911 2771 988 2836 illud
1009 2772 1169 2860 vulgatum

64 2881 306 2948 Dialectioorum
326 2891 392 2947 tam
415 2905 578 2970 operosum
603 2883 708 2959 fuerit,
731 2891 764 2947 et
785 2891 874 2948 tanta
895 2883 1020 2971 ingenia
1042 2906 1169 2950 exercu-

63 2995 144 3072 erit3
172 3003 290 3081 quanto
314 2993 415 3081 magis
436 2993 639 3059 laborandum
663 3003 711 3059 est
732 2993 765 3057 in
786 2995 846 3059 hoc
867 2994 976 3071 altero,
1001 2997 1085 3081 qnod
1107 3019 1168 3061 non

63 3115 186 3173 tantum
201 3128 241 3171 ex
256 3107 367 3171 mentis
386 3104 605 3193 penetralibus,
621 3104 783 3170 sedetiam
799 3127 838 3169 ex
854 3105 986 3171 Natura
1002 3105 1168 3173 visceribus

62 3216 263 3284 extrahitur?

104 3331 218 3416 Neque
232 3338 337 3395 tamen
352 3328 402 3394 hic
416 3328 494 3394 finis.
522 3328 604 3394 Nam
619 3327 820 3393 irmdamenta
834 3350 956 3414 quoqne
971 3328 1166 3394 scientiarum

60 3442 172 3507 fortius
194 3439 395 3528 deprimimus
414 3451 447 3505 et
466 3439 641 3515 solidamus,
656 3449 752 3525 atque
773 3439 861 3504 initia
878 3438 1053 3525 inquirendi
1075 3440 1167 3504 altius

59 3554 218 3629 sumimus,
240 3573 333 3639 quam
355 3552 458 3618 adhuc
479 3552 618 3616 homines
639 3552 800 3617 feeerrmt:
826 3573 864 3615 ea
885 3551 1073 3637 subjiciendo
1094 3574 1167 3617 exa

61 3665 145 3741 mini,
183 3684 255 3749 qua
291 3663 407 3751 Logioa
442 3662 589 3751 vulgaris,
622 3670 770 3748 tanquam
807 3662 868 3726 fide
904 3661 1013 3736 aliena,
1047 3662 1164 3749 recipit.

61 3776 186 3841 Etenim
201 3774 363 3840 Dialectici
381 3774 533 3862 principia
551 3773 748 3839 scientiarum
762 3796 783 3837 a
800 3771 933 3837 scientiis
952 3773 1081 3862 singulis
1098 3785 1166 3839 tan.

60 3909 155 3973 quam
173 3895 280 3951 mutuo
299 3896 442 3962 sumunt3
464 3907 573 3951 rursus
593 3883 733 3949 notiones
753 3884 865 3949 mentis
886 3883 1002 3970 primas
1017 3907 1166 3952 veneran-

59 4011 134 4078 tur;
157 4008 314 4087 postrem
328 3996 595 4063 informationibus
611 3995 795 4060 immediatis
809 4017 917 4060 sensus
932 3997 1011 4060 bene
1026 3996 1165 4083 dispositi

58 4110 267 4196 acquiescunt.
308 4110 352 4174 At
370 4129 427 4172 nos
441 4107 590 4196 logicam
605 4128 710 4172 veram
731 4106 866 4194 singulas
883 4107 1079 4173 scientiarum
1093 4131 1165 4195 pro

60 4221 183 4298 vinciae
212 4220 332 4307 majore
357 4242 426 4284 eum
448 4219 577 4319 imperio
603 4239 696 4305 quam
726 4240 821 4304 penes
849 4219 985 4306 ipsarum
1014 4220 1165 4306 principia

56 4335 106 4410 sit,
123 4334 241 4400 debere
260 4331 383 4420 ingredi
404 4330 616 4407 decrerimus3
639 4340 733 4416 atque
751 4330 804 4396 illa
822 4330 890 4418 ipsa
905 4331 1055 4418 principia
1074 4341 1165 4417 puta-

56 4444 122 4509 tiva
147 4443 190 4508 ad
212 4441 351 4507 rationes
375 4440 551 4506 reddendas
576 4441 770 4527 compellere,
792 4463 953 4528 quousque
974 4443 1067 4528 plane
1093 4464 1164 4506 con-

56 4564 151 4618 stent.
199 4551 290 4629 Quod
305 4572 380 4617 vero
397 4551 509 4616 attinet
523 4550 565 4615 ad
580 4551 719 4616 notiones
737 4553 852 4639 primas
868 4553 1062 4627 intellectus;
1088 4553 1163 4616 nihil

335 4670 340 4681 “
624 4664 645 4726 b
