2708 5226
452 565 541 632 LIB.
562 566 591 632 1.
606 583 659 655 55,
675 569 729 654 5⁶·
1100 569 1144 634 88

104 731 278 817 trentias3
315 728 395 813 alis,
421 731 467 802 ad
497 730 670 804 notandas
700 752 818 813 rerum
848 726 1098 802 similitudines
1107 728 1147 802 ⁷³.

104 849 184 919 suia
213 848 314 919 enim
344 848 542 920 constantia
574 857 613 919 et
646 855 753 918 acuta
785 845 896 941 figere
929 847 1149 940 contempla-

104 987 159 1049 ns,
174 973 216 1036 et
233 963 376 1047 morari,
389 971 428 1034 et
445 963 577 1035 herere
595 962 748 1033 inomni
766 961 966 1033 subtilitate
983 961 1148 1034 differen-

104 1103 166 1151 um
192 1087 364 1175 possunt:
395 1079 538 1174 ingenia
559 1086 682 1150 autem
708 1077 875 1149 sublimia
897 1086 936 1149 et
956 1077 1148 1150 discursive

104 1218 145 1266 m
167 1194 396 1267 tenuissimas
418 1203 458 1266 et
480 1193 671 1266 catholicas
693 1216 812 1265 rerum
836 1192 1086 1265 similitudines
1109 1202 1148 1265 et

104 1320 236 1384 oscunt
262 1319 302 1383 et
326 1320 564 1404 componunt:
596 1320 787 1402 utrumque
813 1318 935 1382 autem
960 1309 1147 1404 ingenium

104 1427 142 1498 le
158 1425 294 1498 labitur
309 1427 346 1497 in
363 1448 560 1510 excessum,
575 1426 773 1520 prensando
790 1435 854 1496 aut
869 1426 999 1520 gradus
1016 1447 1147 1508 rerum,

114 1541 275 1614 umbras.

104 1757 336 1852 leperiuntur
357 1758 500 1852 ingenia
522 1756 592 1828 alia
612 1758 650 1828 in
667 1758 938 1830 admirationem
955 1755 1148 1849 antiquita·

121 1872 193 1944 alia
221 1872 260 1943 in
287 1895 444 1946 amorem
475 1882 512 1945 et
542 1874 750 1967 amplexum
779 1875 948 1946 novitatis
977 1869 1163 1959 effusa⁷⁴;‚

103 2012 152 2061 ca
169 2011 255 2060 vero
278 1989 354 2082 ejus
378 1991 651 2083 temperamenti
675 2000 768 2073 sunt,
786 2001 828 2062 ut
850 1989 999 2063 modum
1022 1998 1147 2061 tenere

103 2106 184 2188 sint,
211 2106 299 2198 quin
329 2116 393 2177 aut
421 2128 503 2199 quae
532 2114 630 2178 recte
660 2109 775 2200 posita
804 2117 888 2177 sunt
916 2105 963 2176 ab
991 2105 1147 2196 antiquis

108 2221 254 2304 vellant,
271 2231 335 2294 aut
357 2245 401 2294 aa
425 2231 658 2295 contemnant
680 2246 762 2316 quae
787 2231 885 2293 recte
907 2221 1104 2292 afferuntur
1125 2242 1149 2291 a

103 2338 149 2410 is.
209 2336 293 2409 Hoc
319 2361 403 2410 vero
432 2361 563 2433 magno
592 2339 819 2410 scientiarum
847 2346 886 2408 et
912 2332 1146 2429 philosophiae

103 2455 257 2525 rimento
278 2453 329 2538 fit,
347 2477 459 2547 quum
482 2454 601 2526 studia
625 2455 743 2548 potius
767 2452 839 2524 sint
863 2450 1085 2544 antiquitatis
1108 2457 1147 2520 et

103 2569 221 2653 itatis,
238 2593 346 2663 quam
364 2570 520 2664 judicia:
547 2571 679 2643 veritas
701 2579 823 2642 autem
845 2591 917 2642 non
936 2591 958 2639 a
975 2565 1148 2639 felicitate

117 2809 170 2865 Sec
188 2826 227 2865 on
245 2807 300 2864 this
320 2808 453 2864 Hellam's
472 2807 525 2863 Lit.
544 2808 576 2864 ol
614 2809 731 2882 Subtilty
755 2808 919 2865 differsnocs.
959 2806 1010 2863 se
1033 2806 1145 2861 Maccu-

122 2889 178 2944 ιιι.
191 2887 231 2943 11.
250 2891 312 2959 part
327 2887 363 2943 iii.
383 2888 426 2942 ch.
443 2887 479 2942 iii.
498 2886 571 2960 §76.
612 2888 820 2960 lry’sEsssyon
830 2886 930 2941 Bscon.
955 2885 1015 2940 'I'he
1027 2885 1146 2940 “know-

111 2966 223 3040 highcst
237 2965 327 3022 minds
343 2966 411 3022 have
426 2965 493 3022 both
508 2965 571 3021 cha·
611 2967 689 3042 ledga
700 2967 732 3022 cl
741 2965 926 3021 Diffemcew
936 2965 960 3020 is
971 2963 1017 3019 the
1029 2963 1147 3036 peculim

103 3044 206 3099 rienes
252 3047 270 3074 “
282 3043 376 3108 And,”
402 3060 433 3098 ss
464 3042 571 3099 Hellam
612 3048 688 3102 work
703 3044 734 3099 ol
745 3043 792 3100 tho
804 3043 932 3098 Intellect.
968 3041 1035 3098 This
1047 3043 1072 3097 is
1084 3041 1145 3096 sha-

103 3127 148 3188 ,“
159 3120 208 3176 tlte
222 3120 359 3177 inductiva
376 3120 526 3177 methodis
544 3131 572 3176 at
612 3122 708 3180 deved
730 3124 767 3196 by
789 3121 836 3177 the
855 3120 1094 3178 umbratim
1117 3120 1149 3176 ol

116 3197 165 3253 the
179 3197 240 3253 best
253 3197 368 3253 ιιιιιίιι
383 3197 416 3253 of
428 3197 505 3264 both,
516 3197 571 3254 and
611 3203 658 3260 the
669 3201 890 3275 simplo-Saxona.

102 3277 161 3333 best
178 3274 321 3348 nsquam
339 3276 443 3348 against
460 3275 507 3331 the
524 3295 569 3332 cx·
647 3279 674 3322 ⁷⁴
693 3277 743 3334 See
760 3277 831 3333 Adv.
849 3277 881 3333 ol
897 3277 1040 3348 learning,
1058 3293 1086 3346 p.
1100 3289 1145 3347 47,

102 3353 290 3410 emens?
323 3353 423 3418 Bscon,
436 3353 471 3410 hc
482 3354 570 3421 holds,
611 3357 749 3414 andinfra
762 3355 836 3421 1.s4.
863 3353 1146 3410 manachmcntto

102 3449 177 3488 more
188 3429 255 3487 lond
264 3430 296 3487 ol
303 3431 496 3488 rmcmblsnces
505 3431 571 3488 than
612 3435 756 3507 particular
767 3431 872 3502 periods
883 3433 907 3487 is
919 3432 983 3488 altio
992 3430 1074 3486 tothc
1085 3447 1145 3500 pre-

102 3527 201 3566 rcnoss.
240 3508 284 3564 He
302 3508 388 3565 them
406 3508 461 3565 this
479 3510 508 3566 in
527 3510 570 3566 his
612 3508 994 3583 compationolthellcclings.
1009 3509 1143 3579 (Olsupr.

102 3589 206 3662 sphorr.
237 3587 330 3644 “‘l'nis
341 3588 365 3643 is
376 3588 422 3643 the
434 3606 494 3644 csse
505 3588 570 3644 with
613 3589 701 3662 1.49.)
721 3588 810 3643 ’Πιοιο
818 3585 879 3642 who
887 3585 1094 3659 loveAntiqmty
1102 3585 1145 3640 ior

117 3668 150 3724 ol
171 3685 188 3723 s
208 3667 339 3740 nngumc
359 3677 469 3739 temper,
487 3685 570 3723 warm
611 3667 646 3722 its
664 3683 726 3721 own
743 3663 1144 3737 sakeareledtoiteithcrby

102 3764 124 3816 y,
143 3743 200 3802 ond
219 3743 335 3800 brilliant
353 3744 428 3799 wit?
466 3744 499 3798 ln
516 3744 571 3800 fact
611 3742 825 3799 thelecttlurt-

102 3839 139 3878 us
176 3821 237 3877 best
272 3838 329 3876 sees
365 3821 569 3884 resemblsnccs,

391 3929 410 3955 “
422 3924 480 3979 The
492 3933 552 3995 past
563 3933 637 3979 must
648 3941 710 3978 ever
721 3924 774 3978 nin

177 4001 205 4057 Α
216 4000 371 4073 brightncss
383 4004 453 4059 lrorn
464 4003 499 4058 its
512 4002 593 4073 being
604 4002 653 4066 lar,

176 4079 244 4136 And
254 4080 304 4136 orb
316 4082 374 4136 iuro
386 4079 432 4136 the
443 4080 542 4152 perfect
555 4078 617 4135 sur

177 4159 232 4214 We
243 4176 298 4214 saw
310 4169 358 4216 not
369 4159 447 4214 while
459 4176 498 4214 ιιι
509 4158 606 4215 moved
617 4157 750 4213 thercinss’
770 4157 915 4230 Tennyson
929 4157 962 4212 ln
974 4156 1059 4213 Mem.

102 4288 112 4339 ι
126 4271 285 4327 anstnrrl
278 4271 389 4326 instinct
400 4270 487 4325 which
503 4269 571 4324 hails
611 4277 686 4324 ment
696 4269 750 4324 and
763 4269 888 4324 stimulus
899 4268 1008 4324 which
1000 4286 1024 4323 u
1038 4270 1142 4324 natural

102 4349 188 4422 [nider
222 4365 252 4404 cs
286 4365 318 4404 so
350 4365 431 4420 many
463 4346 571 4402 thrcads
613 4357 686 4403 tour
686 4325 1141 4418 ,andwhichwitlrinboundspro-

102 4426 122 4482 lt
140 4433 258 4483 connect
275 4443 309 4482 ur
326 4424 391 4480 wrth
409 4443 459 4481 our
469 4427 571 4481 Ancus·
612 4423 694 4480 duces
706 4425 789 4481 much
800 4425 881 4497 good,
891 4425 1045 4489 butwlrich,
1053 4425 1076 4480 il
1084 4424 1141 4480 sul·

118 4503 181 4560 'l'hc
192 4503 341 4576 abrorbmg
352 4503 572 4576 loreolNovelty
612 4501 685 4556 lercd
704 4507 735 4558 to
753 4503 811 4558 rulo
828 4520 872 4568 ur,
889 4507 964 4558 must
983 4502 1089 4573 destroy
1107 4501 1142 4556 cll

102 4581 187 4640 mult
201 4580 234 4636 ol
246 4579 305 4637 that
320 4580 405 4637 desim
418 4582 460 4637 lor
475 4581 571 4638 meite-
611 4581 762 4637 soundness
774 4581 961 4653 oljndgmsnt.

666 4693 691 4743 D
