2708 5226
125 551 191 614 204
451 546 626 614 NOVUM
656 545 905 613 OBGANUM.

127 714 294 807 quisitam
317 716 452 786 nudam
475 724 514 787 et
537 715 807 797 substantivam,
823 722 932 807 atque
953 713 1065 784 etiam
1082 712 1117 782 in
1134 707 1213 782 exal·

126 832 263 902 tatione
285 854 358 914 sna,
374 841 439 902 aut
460 854 600 903 summo
625 831 737 926 gradu
761 831 932 924 potentiae
956 851 1053 913 snae3
1078 825 1215 898 emanci-

127 957 247 1041 patam
264 948 410 1032 scilieet,
424 957 463 1020 et
475 948 659 1021 liberatam
677 950 724 1020 ab
741 947 1019 1041 impedimentis,
1034 944 1092 1017 vel
1104 942 1215 1016 miens

127 1086 191 1157 per
216 1064 464 1137 fortitudinem
489 1089 561 1137 suae
578 1065 720 1136 virtutis
743 1065 990 1135 dominantem
1016 1085 1122 1156 super
1144 1062 1215 1154 ipsa,

128 1202 242 1274 eaque
258 1183 537 1275 supprimentem
555 1190 594 1253 et
610 1189 847 1252 coercentem.
898 1177 994 1249 Cum
1011 1179 1112 1251 enim
1126 1199 1217 1248 omne

128 1319 254 1390 eorpus
270 1299 439 1391 suscipiat
456 1297 587 1369 multas
609 1306 816 1369 naturarum
833 1295 965 1369 formas
981 1294 1173 1389 copulatas,
1187 1302 1218 1362 et

127 1412 164 1482 in
183 1422 369 1498 concreto3
394 1412 437 1483 lit
459 1421 501 1483 ut
523 1411 593 1484 alia
615 1413 720 1483 aliam
738 1411 916 1492 retundat,
934 1410 1124 1502 deprimat,
1140 1407 1219 1478 fran-

127 1536 200 1622 gat,
217 1537 256 1599 et
272 1528 380 1624 liget;
407 1529 503 1602 unde
524 1529 756 1600 obscurantur
773 1527 893 1597 formae
916 1525 1078 1619 singulae.
1129 1522 1219 1594 Inue

128 1644 276 1715 niuntur
308 1655 431 1718 autem
464 1646 624 1738 subjecta
656 1642 838 1725 nonnulla,
872 1643 909 1712 in
944 1641 1076 1735 quibus
1108 1649 1220 1711 natura

128 1761 298 1852 inquisita
319 1761 484 1855 praeliis
507 1772 562 1833 est
585 1764 622 1833 in
639 1784 703 1832 suo
720 1761 851 1855 vigore,
869 1758 927 1830 vel
945 1781 1010 1852 per
1033 1758 1218 1830 absentiam

128 1874 386 1969 impedimenti,
403 1879 459 1950 vel
476 1902 540 1971 per
555 1878 882 1972 proedominantiam
901 1876 1055 1947 virtutis.
1097 1873 1219 1965 Hujus

128 1991 226 2061 modi
252 2001 373 2062 autem
400 1992 577 2066 imantia
603 2002 687 2066 sunt
713 1994 870 2064 maxime
894 1991 1076 2064 ostensiva
1096 1991 1217 2061 formae.

123 2105 265 2178 -Verum
283 2117 321 2179 et
337 2109 375 2180 in
391 2109 446 2180 his
463 2111 547 2203 ipsis
563 2111 741 2182 instantiis
756 2107 961 2183 adhibenda
977 2117 1034 2179 est
1051 2109 1176 2187 cantio,
1186 2112 1218 2176 et

129 2224 349 2297 cohibendus
366 2226 520 2321 impetus
535 2226 750 2298 intellectus.
802 2224 985 2317 Quicquid
998 2226 1097 2296 enim
1114 2233 1218 2294 osten·

128 2347 184 2411 tat
201 2341 362 2425 formam,
379 2365 529 2435 eamque
547 2343 668 2426 trudit,
687 2351 729 2413 ut
745 2343 906 2414 rideatur
922 2365 1109 2414 occurrere
1125 2337 1218 2411 intel-

129 2453 252 2542 lectui,
269 2481 332 2551 pro
355 2468 520 2552 suspecto
543 2459 747 2531 habendum
768 2468 834 2542 est,
852 2467 890 2530 et
913 2459 1167 2531 recurrendum
1182 2453 1218 2525 ad

127 2572 335 2647 ecolesinam
352 2599 510 2647 severam
528 2587 566 2649 et
584 2578 804 2671 diligentem.

179 2689 347 2785 Exempli
370 2694 504 2786 gratia3
530 2694 577 2764 sit
602 2702 729 2763 natura
753 2692 930 2785 inquisita,
950 2690 1117 2762 calidum.
1166 2687 1220 2759 Iu·

129 2807 259 2878 stantia
284 2808 450 2880 erlewino
476 2820 594 2880 motus
620 2811 843 2902 expansionis
871 2808 975 2901 (quae,
1004 2818 1045 2878 ut
1072 2809 1219 2900 superius

127 2925 265 2995 dictum
282 2935 348 3009 est,
362 2927 477 3019 portio
494 2935 549 2997 est
566 2929 740 3020 praeeipua
757 2927 877 2998 formae
895 2925 1016 3020 calidi)
1031 2935 1088 2998 est
1101 2927 1219 2997 vitrum

128 3041 313 3113 calendare
330 3045 429 3114 aeris.
485 3042 628 3113 Etenim
647 3043 800 3126 flamma,
818 3043 904 3114 lieet
921 3044 1114 3113 manifesto
1131 3041 1220 3114 exhi·

128 3158 212 3229 beat
237 3161 509 3252 expansionem
536 3169 655 3230 tamen
683 3169 828 3252 propter
853 3168 1144 3230 momentaneam
1167 3179 1221 3228 ex·

128 3277 338 3348 tinctionem
356 3301 425 3347 non
444 3278 602 3348 ostendit
619 3300 840 3370 progressum
859 3277 1096 3369 expansionis.
1125 3275 1222 3368 Aqua

127 3399 248 3462 autem
274 3392 424 3474 fervens,
450 3403 594 3485 propter
620 3391 760 3463 facilem
789 3393 1034 3464 transitionem
1065 3416 1165 3486 aquae
1192 3393 1223 3460 in

129 3531 293 3601 vaporem
313 3518 350 3580 et
366 3510 494 3593 adrem,
509 3532 579 3581 non
598 3519 673 3580 tam
691 3509 781 3581 bene
798 3509 956 3581 ostendit
974 3509 1222 3602 expansionem

127 3648 228 3717 aquae
245 3628 281 3696 in
299 3650 445 3719 corpore
462 3649 536 3697 suo.
589 3625 723 3698 Rursus
741 3628 872 3698 sermm
897 3626 1062 3721 ignitum,
1082 3635 1120 3697 et
1136 3626 1224 3697 simi·

127 3740 185 3825 lia,
204 3751 345 3812 tantum
370 3743 472 3814 abest
496 3754 539 3815 ut
567 3766 788 3838 progressum
816 3742 1020 3825 ostendant,
1043 3751 1086 3813 ut
1110 3753 1225 3815 contra

128 3879 191 3949 per
214 3860 430 3929 retusionem
454 3870 491 3930 et
514 3861 724 3931 fractionem
747 3861 890 3953 spiritus
914 3883 977 3953 per
993 3870 1115 3952 partes
1136 3882 1225 3931 eom-

128 3982 248 4065 pactas
265 3984 304 4045 et
320 3997 459 4059 crassas,
472 3976 564 4069 (quae
582 3976 729 4049 domant
746 3986 784 4047 et
797 3978 945 4047 sraenant
960 3972 1223 4071 expansionem)

127 4091 204 4184 ipsa
229 4094 397 4186 expansio
424 4118 496 4164 non
523 4095 569 4165 sit
595 4096 740 4166 omnino
757 4096 946 4188 conspicua
969 4094 1014 4164 ad
1038 4117 1182 4167 sensum
1191 4091 1225 4162 ⁵².

126 4275 191 4331 tiam
214 4292 243 4329 as
271 4291 287 4328 a
311 4280 329 4305 “
342 4274 454 4347 Glaring
478 4276 602 4331 lustanee
629 4277 660 4331 oi
698 4276 819 4332 desimus
837 4277 868 4330 ol
888 4276 1003 4348 keeping
1024 4294 1062 4348 up
1084 4295 1101 4331 a
1120 4273 1226 4332 marked

128 4351 273 4424 Polarlty.”
697 4356 852 4411 distinction
861 4355 978 4410 between
991 4358 1150 4427 expansion,
1161 4362 1178 4386 “
1184 4371 1226 4426 per

163 4431 189 4470 ⁶²
201 4431 243 4486 ct.
259 4450 332 4503 supr.
346 4430 384 4487 ll.
400 4433 441 4487 18.
460 4432 584 4498 lustro,
603 4433 655 4489 and
697 4435 838 4506 particulas
862 4431 1006 4499 minores,''
1028 4434 1084 4490 and
1106 4442 1225 4491 “seeun-

127 4511 156 4567 in
167 4510 213 4566 the
226 4509 382 4566 Differentia
396 4512 490 4566 1¹³⁸of
506 4513 599 4568 Motus
615 4515 657 4569 ior
698 4514 764 4569 dum
776 4514 893 4569 totum.”

128 4590 239 4647 Heatin
253 4589 291 4646 11.
305 4607 348 4646 ao.
386 4589 477 4646 Bacon
496 4609 657 4665 seemrvery
