2708 5226
336 31 1260 559 -q

124 549 192 615 214
454 548 624 617 NOVUM
645 548 896 618 ORGANUM.

126 717 165 788 in
198 714 403 808 corporibus
437 715 652 799 inanimatis,
685 737 793 810 qum
827 737 951 789 seusus
986 716 1026 786 in
1059 715 1213 797 minutis

126 840 273 926 propter
300 833 518 925 peucitetem
546 854 759 925 orgenomm
789 854 925 905 sensns.
978 828 1108 925 Atque
1130 831 1215 924 huju

127 948 181 1020 rei
201 947 358 1020 ostendit
380 970 418 1020 se
439 947 647 1041 exemplum
662 947 767 1020 valde
791 948 1027 1021 menifestum
1049 948 1089 1019 in
1110 946 1217 1020 dolori·

129 1064 207 1137 bus.
257 1062 405 1136 Etenim
428 1087 539 1157 quum
564 1064 638 1137 sint
661 1064 766 1158 plum
789 1087 923 1160 genere
946 1063 1082 1139 doloris
1103 1065 1139 1136 in
1159 1064 1217 1136 mi·

130 1179 291 1266 rnnlibus,
320 1188 360 1253 et
394 1189 563 1272 tnnqunm
596 1181 682 1254 vnrii
717 1180 813 1255 illius
842 1180 1080 1266 cbcrnctereu
1108 1181 1218 1271 (veluti

130 1296 220 1371 nlius
253 1306 310 1370 est
342 1296 445 1371 dolor
478 1297 638 1380 ustionis,
672 1297 764 1370 nlius
797 1297 938 1391 frigoris
973 1297 1119 1379 intensi.
1146 1295 1218 1368 nlius

130 1423 325 1509 puncturae,
360 1413 451 1487 elius
491 1414 770 1506 compressionis,
803 1412 895 1487 nlius
932 1414 1220 1496 extensinnmet

130 1530 315 1623 similium)
341 1529 579 1602 certissimum
608 1540 663 1601 est
688 1530 809 1601 omnin
842 1528 915 1612 illo,
942 1530 1063 1622 qnnsd
1088 1538 1219 1610 motum,

130 1647 245 1720 inesse
271 1645 475 1739 corporibus
500 1646 725 1729 inanimatis;
754 1644 866 1718 veluti
891 1643 1003 1740 ligno,
1025 1654 1094 1718 sut
1118 1644 1220 1738 lepidi.

132 1784 215 1833 cum
240 1760 365 1843 uritur,
388 1770 451 1832 eut
476 1785 540 1855 per
563 1760 647 1856 gelu
673 1763 938 1857 constringy'tun
965 1770 1033 1836 sut
1056 1764 1219 1858 pungitur,

131 1886 195 1950 nut
226 1878 406 1961 scinditur,
432 1886 496 1950 nut
525 1876 693 1963 flectitur,
723 1887 787 1951 nut
814 1878 1006 1962 tunditnr;
1043 1887 1085 1953 et
1112 1880 1161 1951 sic
1186 1877 1220 1948 dc

130 1990 229 2080 nliir3
259 1991 345 2063 licet
372 2015 444 2063 non
470 1993 673 2065 subintrent
701 2014 836 2080 sensus,
863 2002 1012 2087 propter
1038 1994 1219 2070 nbsenb‘nu

131 2110 274 2203 spiritus
289 2107 461 2181 animulis.

182 2226 278 2299 Item
312 2227 488 2299 immune
520 2222 745 2323 consortumffi
775 2225 884 2320 (quod
919 2227 1056 2300 mirum
1090 2227 1220 2301 faune

131 2345 247 2432 dictu)
272 2352 356 2416 sunt
384 2343 519 2416 radices
545 2352 584 2416 et
608 2344 698 2416 rami
727 2342 940 2436 plnntnrum.
993 2343 1117 2419 Omne
1140 2345 1221 2418 enin

132 2459 331 2557 vegetabile
356 2460 572 2543 intumescit,
589 2468 628 2530 et
652 2459 814 2531 extrudit
838 2468 958 2552 partes
983 2461 1023 2532 in
1046 2461 1222 2536 circumle

131 2578 294 2660 rentiam,
312 2586 386 2648 tum
411 2598 549 2647 sursum
567 2597 674 2667 quem
698 2576 872 2646 deorsum.
927 2574 1064 2669 Neque
1088 2577 1159 2648 nlin
1179 2583 1223 2646 est

133 2693 331 2765 differentis
356 2693 514 2763 radicum
533 2700 571 2762 et
588 2714 777 2776 ramorum,
794 2716 902 2785 quem
930 2695 1031 2785 quod
1058 2695 1161 2767 rndix
1181 2695 1225 2764 in·

132 2808 296 2880 cludetur
313 2810 350 2879 in
367 2818 470 2891 terra,
489 2818 527 2879 et
549 2809 638 2879 mmi
656 2818 881 2902 exponuntur
904 2811 976 2881 n‘e'ri
1000 2819 1041 2882 st
1066 2811 1144 2882 soli.
1190 2807 1222 2881 Si

133 2926 213 3018 quis
229 2927 325 2996 enim
341 2927 492 3018 nccipint
509 2948 646 2996 ramum
664 2935 828 2999 tenerum
846 2937 885 2998 et
902 2937 1076 3022 vegetum
1094 2927 1223 3007 nrboris,

133 3051 240 3135 utque
258 3041 359 3112 illum
378 3040 538 3114 reflectet
554 3043 591 3112 in
609 3040 763 3134 aliquem
781 3052 882 3115 terrm
906 3043 1135 3136 perticulam,
1151 3044 1224 3115 licet

133 3181 205 3230 non
222 3157 396 3229 coherent
419 3158 486 3249 ipsi
511 3159 596 3242 solo,
612 3158 728 3251 gignit
753 3161 875 3232 statim
901 3182 975 3230 non
1002 3182 1156 3245 ramum,
1171 3157 1224 3231 sed

132 3277 298 3348 redicem.
351 3274 475 3367 Atque
499 3273 576 3346 viee
594 3295 703 3358 vernn,
720 3275 749 3348 si
772 3284 866 3348 term
891 3284 1046 3368 ponetur
1066 3277 1225 3370 superius,

131 3406 241 3487 etque
258 3395 309 3465 ite
325 3392 529 3465 obstruatur
545 3389 672 3483 lapide,
691 3401 755 3463 sut
776 3392 894 3485 eliqua
915 3393 1007 3464 durs
1028 3395 1225 3475 substantie

132 3521 175 3581 ut
201 3510 322 3603 plante
351 3507 569 3589 cohibentur,
596 3530 663 3578 nec
692 3509 803 3600 possit
830 3509 1056 3584 frondescere
1086 3533 1225 3591 sursum,

134 3629 218 3699 edet
234 3649 350 3697 remos
367 3625 402 3694 in
420 3626 538 3697 nerem
557 3624 733 3696 deorsum.

186 3742 281 3812 Item
308 3740 484 3812 instuctiae
508 3737 700 3835 conformer
724 3749 819 3822 sunt,
842 3744 979 3836 gummi
1003 3744 1181 3827 arborum,
1196 3751 1229 3816 et

135 3858 312 3952 pleraeque
340 3881 490 3952 gemmae
520 3858 673 3949 rupium.
736 3855 900 3952 Utraque
930 3862 1028 3935 enim
1058 3863 1111 3935 nil
1142 3858 1230 3935 alind

135 3984 229 4056 sunt,
247 3998 353 4067 quam
371 3975 623 4047 exsudationes
647 3983 686 4045 et
711 3976 969 4067 percolationes
994 3973 1230 4052 succorumffi:

136 4095 171 4164 in
190 4094 304 4185 primo
320 4115 450 4186 genere
468 4091 613 4175 scilicet,
631 4114 817 4164 succorum
836 4117 881 4167 ex
900 4095 1110 4182 arboribus3
1132 4099 1170 4169 in
1185 4119 1233 4170 se·

136 4209 263 4291 cundo,
282 4231 327 4278 ex
345 4209 459 4294 saxis;
483 4208 578 4278 unde
594 4208 754 4302 gignitur
770 4208 944 4280 claritudo
962 4220 1000 4282 et
1018 4214 1186 4307 splendor
1200 4214 1231 4283 in

171 4429 299 4523 ⁸⁵ltlauy
319 4431 595 4504 oltheseexnmples
619 4450 664 4488 are
704 4435 790 4507 origin
813 4437 844 4523 οξ
868 4454 965 4507 geme:
991 4437 1082 4529 ebich
1107 4459 1152 4499 nro
1175 4456 1232 4498 con·

136 4529 198 4628 vell
210 4510 540 4661 ffipp'ffinpmupplppho
560 4590 600 4644 ior
619 4591 663 4645 the
704 4511 797 4569 mem
810 4513 874 4568 mlh
887 4513 1115 4586 cmm.
