2708 5226
216 531 282 600 264
543 532 714 598 NOVUM
735 530 986 597 OBGANUM.

216 703 333 772 verius
349 702 386 770 in
403 707 540 783 natura,
559 721 667 791 quam
689 698 882 791 propositio
897 696 960 769 illa
981 697 1169 792 gemella3
1197 694 1256 768 Er
1267 697 1311 767 ni·

216 814 289 888 tila
305 813 399 887 nihil
409 815 520 910 ficri:
547 837 676 907 neque,
694 812 886 909 Quicquam
913 814 952 886 ia
976 812 1132 886 nihilum
1150 810 1309 912 redipiss:

217 957 341 1005 verum
358 945 530 1026 quantum
552 933 669 1025 ipsum
694 933 850 1002 materie
875 933 950 1003 sire
973 954 1158 1004 summam
1178 931 1312 1004 totalem

217 1060 390 1134 constare,
408 1073 474 1121 neo
496 1051 617 1144 augeri
640 1058 704 1119 aut
726 1050 848 1119 minui.
902 1048 984 1121 Neo
1007 1047 1100 1120 illud
1125 1050 1245 1120 minus
1265 1071 1313 1119 ro

217 1191 317 1254 rum;
343 1164 405 1238 Ea
433 1173 560 1261 qrauuto
589 1161 650 1235 illo
680 1164 836 1235 materia
861 1162 921 1236 aad
948 1164 1075 1236 iisdem
1103 1166 1231 1261 spatiis
1255 1166 1314 1236 sior

217 1280 496 1366 dimersionibus,
511 1304 582 1377 pro
607 1280 803 1354 dicacitate
827 1304 1020 1377 oorpmam,
1041 1279 1130 1377 plus
1156 1291 1189 1354 ct
1213 1281 1314 1364 minas

218 1400 410 1479 anatinam
436 1409 478 1470 ut
503 1400 539 1470 in
562 1422 655 1490 aqua
676 1399 767 1491 plns,
783 1399 821 1468 in
841 1400 922 1471 aere
944 1400 1087 1470 minus:
1114 1400 1208 1470 adeo
1231 1400 1314 1470 utri

218 1518 298 1611 quis
314 1527 456 1598 asserat,
469 1515 612 1609 aliquod
629 1523 841 1586 contentum
859 1539 958 1608 aquae
975 1517 1013 1586 in
1031 1539 1098 1609 par
1114 1526 1314 1588 eontentnn

218 1636 307 1705 adria
335 1635 424 1705 verti
455 1654 566 1725 posse,
594 1632 689 1702 idem
720 1632 766 1703 sit
795 1655 837 1703 ac
865 1634 895 1703 si
926 1633 1032 1716 dicat,
1057 1631 1197 1726 aliquid
1226 1654 1315 1726 possa

217 1749 329 1844 redigi
348 1751 383 1820 in
402 1749 573 1822 nihilum:
600 1759 725 1819 contra
748 1749 778 1818 si
805 1750 883 1841 quis
908 1756 1053 1832 asserat,
1072 1748 1221 1842 aliquod
1245 1772 1317 1821 oon-

218 1873 360 1935 tentum
377 1866 466 1935 adria
482 1866 519 1935 in
536 1887 600 1959 par
614 1874 825 1936 contentum
850 1887 951 1957 aquae
968 1867 1060 1935 verti
1079 1888 1207 1958 posse;
1231 1867 1315 1938 iden

218 1982 267 2051 sit
282 2003 323 2051 ac
341 1981 370 2050 ai
389 1980 493 2062 dicat,
511 1981 646 2073 aliquid
670 2002 771 2073 posse
787 1981 863 2051 lieri
887 2004 933 2052 ex
957 1980 1085 2052 nihilo.
1139 1981 1266 2077 Atque
1279 2006 1316 2054 er

218 2096 323 2191 copia
347 2096 415 2167 ista
437 2105 476 2167 et
501 2098 680 2189 paucitate
705 2097 874 2181 materiae,
890 2096 1055 2168 notiones
1077 2097 1152 2170 illae
1171 2098 1269 2172 dead
1286 2109 1317 2170 et

218 2213 308 2296 rari,
325 2236 405 2306 quae
430 2214 527 2284 varie
552 2221 590 2285 et
615 2214 814 2307 promiscue
839 2212 1075 2307 accipiuntur,
1101 2219 1246 2310 proprie
1267 2216 1319 2287 ah

219 2330 438 2401 strahuntur.
469 2327 695 2400 Assumenda
712 2339 767 2399 est
783 2337 822 2399 et
838 2330 983 2400 assertio
1001 2328 1064 2401 illa
1081 2333 1203 2416 tertia,
1220 2335 1317 2405 etiarn

221 2448 306 2518 satie
323 2453 441 2527 certa3
468 2445 561 2537 qnod
579 2446 658 2526 hoc,
676 2445 722 2515 de
746 2469 816 2537 qno
839 2444 1029 2538 loquimur,
1047 2446 1132 2540 plus
1152 2458 1193 2521 et
1214 2451 1318 2520 minna

220 2565 377 2634 materiae
401 2564 439 2632 in
462 2584 607 2653 corpore
633 2561 700 2631 hoc
718 2560 774 2632 vel
801 2561 872 2644 illo,
890 2562 934 2631 ad
957 2563 1115 2636 calculos
1134 2568 1244 2657 (faeta
1259 2567 1318 2639 col·

220 2681 367 2772 latione)
382 2691 419 2750 et
435 2681 680 2772 proportiones
699 2690 851 2762 exactas,
867 2693 929 2750 aut
946 2684 1086 2753 exactis
1103 2688 1316 2779 propinquas

220 2797 343 2868 reduci
373 2793 529 2890 possit⁴².
582 2795 704 2866 Veluti
738 2798 766 2865 si
794 2799 873 2887 quis
901 2796 1006 2880 dicat,
1032 2798 1154 2870 inesse
1183 2801 1317 2871 indata

221 2922 391 2985 contento
413 2914 488 2984 auri
515 2911 624 2982 talem
650 2915 954 2984 coacervationem
980 2917 1158 3003 materiae,
1177 2927 1219 2988 ut
1243 2937 1318 3010 opus

256 3157 280 3196 ⁴¹
296 3158 345 3212 Sea
358 3158 473 3221 Persius,
487 3157 542 3214 Sat.
553 3161 580 3213 ii.
591 3161 634 3230 83,
646 3161 689 3227 84.

541 3266 725 3318 “8¹8¹ss

364 3325 406 3380 De
419 3325 511 3389 nihilo,
524 3327 551 3379 in
565 3325 679 3381 nihilum
692 3328 728 3381 nil
741 3345 820 3399 posse
832 3329 934 3383 reverti.

222 3446 285 3501 And
300 3446 448 3509 Lucretius,
463 3445 515 3500 Bk.
529 3446 546 3500 i.

364 3530 438 3585 “Nil
450 3531 531 3602 igitur
543 3529 599 3583 fieri
612 3529 645 3583 de
657 3531 711 3584 nilo
724 3549 803 3602 posse
815 3530 966 3602 putandum
977 3532 1047 3586 eat.”

221 3617 390 3688 'lhcdogma
408 3619 431 3671 is
448 3619 504 3671 also
522 3626 550 3670 to
570 3616 603 3671 be
621 3615 706 3671 found
725 3618 753 3671 in
794 3619 817 3672 is
840 3617 883 3673 his
911 3619 1035 3689 rejection
1065 3619 1097 3674 of
1121 3627 1251 3693 “porons
1275 3619 1319 3677 and

221 3696 373 3750 Aristotle’s
387 3696 467 3767 Phys.
480 3697 564 3750 Auso.
576 3695 625 3750 IV.
644 3695 720 3765 chap.
734 3697 751 3750 i.
795 3697 917 3768 spongy'*
931 3706 1050 3752 matters.
1088 3699 1134 3754 Hs
1148 3709 1320 3757 secmstonto

221 3777 273 3829 πᾶν
290 3776 320 3828 τὸ
339 3776 473 3845 γινόμενον
489 3775 585 3845 ἀνάγκη
602 3773 719 3845 γίνεσθαι
737 3775 753 3843 ἢ
794 3774 1261 3847 considerthsthi⁸“Spi1'its”m
1273 3797 1320 3833 mt-

222 3854 253 3923 ἰξ
273 3852 382 3921 duravi
401 3852 429 3905 ἐκ
450 3854 485 3922 μὴ
503 3853 591 3907 ὄντων.
615 3852 752 3907 ror'rr'nvds'
794 3854 876 3918 ariel,
884 3853 937 3908 and
946 3854 1110 3924 ponderable
1118 3859 1249 3931 possibly.
1265 3858 1321 3913 ’Μ

222 3933 253 3986 τὸ
271 3932 318 4000 μὶν
335 3931 363 3984 ἐκ
380 3931 415 3999 μὴ
433 3931 512 3986 ὄντων
525 3932 644 4002 γίνεσθαι
661 3932 753 3986 ὀδύνα·
794 3935 870 3987 looks
883 3935 979 3986 almost
991 3951 1020 3987 aa
1029 3933 1053 3987 if
1062 3934 1098 3988 he
1110 3947 1203 3991 meant
1216 3937 1322 4010 byth&

224 4026 277 4064 τον·
296 4011 355 4079 περὶ
372 4011 424 4080 γὰρ
440 4009 531 4077 ταύτης
544 4013 753 4082 ὁμογνωμονοῦσι
795 4011 909 4082 Spiritus
921 4011 968 4065 the
982 4029 1061 4082 gnses
1078 4014 1108 4067 in
1125 4025 1232 4071 nature.
1267 4013 1321 4070 And

224 4092 269 4159 τῆς
281 4089 359 4157 δόξης
369 4088 478 4145 ἅπαντες
489 4091 514 4141 oi
525 4091 584 4159 περὶ
596 4089 710 4160 φύσεως.
794 4091 836 4144 his
860 4091 1023 4161 experiment
1048 4093 1131 4160 given
1160 4094 1248 4149 below
1269 4096 1322 4150 ἰιι

259 4167 285 4206 ⁴²
299 4167 341 4221 He
354 4166 449 4220 wishes
462 4167 524 4221 here
542 4178 570 4221 to
588 4186 696 4239 express
709 4169 753 4224 the
794 4168 866 4240 good
878 4170 1037 4224 illustration
1048 4171 1081 4224 oi
1096 4171 1144 4227 the
1156 4176 1270 4230 wantos
1283 4191 1322 4243 ap·

223 4246 286 4310 fact,
298 4245 358 4300 that
370 4263 420 4299 one
432 4256 505 4300 must
520 4246 754 4302 haveastandard
795 4250 910 4319 pliances
944 4246 998 4302 and
1034 4248 1216 4308 instrumente
1247 4250 1321 4307 undar

224 4325 255 4379 oi
270 4333 464 4378 measurement
476 4325 505 4378 oi
516 4324 628 4392 weight;
647 4327 701 4380 and
719 4326 754 4397 by
795 4326 881 4381 which
903 4326 936 4380 he
956 4326 1094 4392 laboured,
1114 4331 1171 4385 and
1189 4331 1275 4386 which
1293 4331 1322 4383 he

224 4404 323 4475 weight
340 4403 370 4458 oi
387 4401 500 4474 density.
545 4403 611 4458 This
629 4403 663 4458 hc
680 4406 754 4460 takes
796 4405 896 4476 sought
919 4414 947 4459 to
977 4407 1073 4460 lescen.
1112 4408 1174 4465 'I'ho
1198 4411 1321 4482 Airpnmp

224 4492 252 4537 to
264 4482 298 4537 be
311 4481 406 4552 Spirits
418 4482 449 4536 oi
458 4481 554 4546 Wine;
573 4501 612 4536 we
628 4500 677 4537 use
690 4484 754 4537 Wa·
796 4485 844 4538 has
863 4482 934 4538 filled
956 4502 992 4555 up
1010 4484 1056 4539 the
1069 4486 1133 4541 void
1152 4489 1181 4543 in
1199 4489 1253 4544 thia
1268 4504 1319 4560 par-

224 4571 273 4617 ter.
312 4560 363 4616 His
381 4561 448 4616 ratio
466 4577 538 4615 2121
558 4561 581 4617 is
599 4560 708 4627 absurd,
726 4582 755 4618 aa
796 4563 890 4618 acula
902 4579 970 4618 crae.
