2708 5226
557 543 647 610 ma.
673 544 718 609 11.
739 564 793 630 50.
1161 546 1228 615 asc

122 701 321 794 Utcunque
337 703 383 774 de
404 703 551 797 opificiis
567 715 605 777 et
622 706 808 778 effectibus
831 729 938 777 morae
961 705 1118 799 undique
1141 717 1227 778 sunt

120 816 315 914 diligenter
331 820 579 911 conquirendae
596 823 783 893 instantiae.

173 933 242 1027 (5.)
267 931 324 1004 At
342 936 499 1028 regimen
527 944 646 1008 motus
663 936 773 1030 (quod
793 946 850 1009 est
869 940 1015 1030 quintus
1039 960 1086 1010 ex
1110 938 1228 1008 modia

121 1051 309 1144 operandi)
337 1071 409 1121 non
438 1074 564 1145 parum
591 1054 696 1124 valet.
748 1053 923 1148 Regimen
953 1062 1075 1124 autem
1106 1062 1243 1125 motus-

120 1188 302 1249 vooamns,
319 1189 402 1236 cum
424 1190 550 1261 corpus
572 1169 669 1240 aliud
690 1164 887 1252 occurrens,
907 1172 1062 1266 corporis
1079 1169 1226 1242 alterius

122 1292 265 1354 motum
287 1291 523 1375 spontaneum
546 1285 708 1379 impedit,
729 1285 883 1379 repellit,
903 1287 1075 1371 admittit,
1094 1287 1225 1381 dirigit.

122 1397 209 1470 Hoc
221 1421 306 1470 vero
323 1397 520 1492 plerunque
537 1401 576 1471 in
593 1400 715 1495 figuris
732 1410 771 1473 et
787 1402 858 1473 situ
875 1423 1037 1472 vesorum
1054 1402 1225 1474 consistit.

124 1514 275 1586 Etenim
297 1537 408 1586 conus
433 1525 572 1588 erectus
590 1516 697 1609 juvat
721 1520 765 1589 ad
792 1518 1103 1591 condensationem
1121 1540 1227 1611 vapo-

123 1654 206 1701 mm
226 1632 265 1701 in
281 1630 482 1719 alembicis3
508 1641 547 1704 st
570 1654 681 1704 conus
704 1634 864 1705 inversus
882 1635 988 1725 juvat
1011 1636 1056 1706 ad
1081 1635 1229 1706 deraca-

124 1747 263 1817 tionem
280 1745 435 1817 sacchari
452 1748 490 1816 in
507 1749 598 1819 vasis
613 1751 837 1843 resupinatis.
883 1746 1089 1841 Aliquando
1105 1761 1227 1823 autem

124 1862 282 1933 sinuatio
298 1863 497 1953 requiritur,
514 1872 553 1935 et
577 1842 790 1959 angustatio,
807 1872 847 1936 et
866 1863 1027 1935 dilatatio
1043 1888 1107 1958 per
1123 1868 1227 1951 vices,

125 1986 166 2050 et
195 1978 409 2070 hujusmodi.
460 1978 581 2050 Etiam
607 1982 723 2052 omnis
751 1980 944 2072 persolutio
972 1979 1044 2050 huc
1070 1992 1227 2076 spectat3

126 2093 265 2165 scilicet
289 2116 372 2164 cum
398 2117 524 2187 corpus
548 2117 735 2167 occurrens
760 2096 825 2165 uni
848 2093 940 2187 parti
964 2097 1117 2189 corporis
1139 2098 1229 2171 alte-

126 2210 200 2281 rius
220 2209 315 2280 viam
336 2210 461 2303 aperit,
484 2210 587 2282 alteri
613 2212 775 2282 obstruit.
830 2208 962 2302 Neque
987 2233 1128 2304 semper
1147 2235 1229 2306 per-

127 2324 258 2398 colatio
287 2335 351 2397 aut
380 2325 477 2397 aliud
507 2327 666 2421 regimen
695 2335 815 2398 motus
841 2326 884 2396 fit
913 2350 977 2420 per
1006 2336 1128 2411 extra3
1163 2331 1227 2401 sed

127 2444 238 2515 etiam
254 2466 319 2537 per
341 2465 468 2537 corpus
490 2444 528 2513 in
551 2467 716 2538 corpore:
742 2453 785 2516 ut
801 2468 884 2515 cum
900 2444 1011 2538 lapilli
1028 2446 1230 2515 immittun-

127 2568 188 2630 tur
219 2558 257 2629 in
289 2581 398 2653 aquas
430 2560 476 2629 ad
509 2558 745 2654 colligendam
781 2559 1011 2631 limositatem
1047 2561 1232 2652 ipsarum3

128 2675 248 2770 sympi
272 2675 509 2747 clarificantur
530 2699 613 2746 cum
634 2676 874 2749 albuminibus
896 2697 1052 2758 ovorum,
1073 2683 1115 2746 ut
1137 2698 1229 2747 cras-

128 2793 239 2865 siores
264 2799 383 2885 partes
411 2791 662 2878 adhoerescant,
687 2802 727 2865 et
751 2801 875 2887 postea
900 2793 1052 2886 separari
1081 2792 1228 2886 possint.

131 2907 253 2980 Etiam
267 2907 351 2979 hnic
368 2909 532 3002 regimini
549 2918 668 2980 motus
689 2911 774 2982 satis
791 2910 920 2982 leviter
934 2920 972 2982 et
987 2910 1113 2981 inscite
1129 2910 1232 2980 attri-

130 3026 210 3097 buit
233 3021 430 3097 'l'elesius²6
454 3024 584 3118 figuras
613 3026 831 3109 animalium,
862 3025 908 3097 ob
933 3026 1065 3096 rivulos
1094 3024 1231 3096 scilicet

130 3149 170 3213 et
189 3139 324 3212 loculos
348 3139 515 3211 matricis.
572 3137 757 3212 Debuerat
779 3148 900 3211 autem
925 3148 1051 3211 notare
1076 3140 1229 3211 similam

130 3256 412 3329 efformationem
429 3257 467 3326 in
485 3255 586 3326 testis
603 3278 762 3339 ovorum,
779 3255 840 3326 ubi
859 3278 930 3325 non
953 3262 1038 3324 sunt
1053 3276 1150 3348 rugae
1166 3265 1232 3324 aut

129 3372 361 3466 inaequalitas.
385 3370 440 3443 At
453 3394 576 3442 verum
588 3381 644 3443 est
659 3372 818 3466 regimen
834 3379 954 3442 motus
970 3368 1232 3451 effomrationea

129 3489 299 3584 perlicere
317 3489 353 3559 in
370 3487 524 3560 modulis
541 3496 580 3559 et
596 3487 827 3581 proplasticis.

183 3605 250 3701 (6.)
276 3605 510 3700 Operationcs
535 3627 618 3675 vero
643 3626 707 3697 per
731 3623 922 3674 consensus
945 3609 1009 3672 aut
1034 3600 1137 3694 fugas
1154 3598 1232 3692 (qni

130 3732 255 3796 sextus
287 3723 415 3794 modus
448 3724 519 3814 est)
552 3722 667 3793 latent
699 3742 939 3815 saepenumero
973 3719 1010 3788 in
1044 3717 1230 3811 profundo.

131 3838 215 3911 Istae
232 3838 328 3910 enim
346 3836 448 3929 (quas
465 3839 609 3933 vocant)
626 3838 860 3931 proprietates
884 3834 1041 3919 occultes,
1059 3842 1098 3905 et
1119 3834 1232 3928 speci-

131 3955 217 4038 fica,
234 3962 274 4025 et
292 3953 500 4048 sympathia
523 3961 562 4024 et
584 3951 799 4046 antipathia,
817 3959 901 4023 sunt
923 3973 1052 4045 magna
1067 3972 1113 4020 ex
1130 3958 1232 4044 parte

131 4069 340 4165 corruptele
364 4068 594 4164 philosophia
603 4066 642 4143 ²⁷.
694 4067 826 4162 Neque
852 4069 898 4140 de
922 4066 1149 4140 consensibus
1177 4089 1233 4137 re-

168 4292 318 4349 ²⁶'lblasio
337 4291 380 4348 ct.
392 4309 467 4364 supr.
480 4291 504 4347 1.
519 4292 578 4348 116.
701 4293 736 4348 bo
755 4293 851 4365 speaks
869 4292 900 4348 ol
916 4290 963 4348 the
975 4290 1083 4347 “crude
1102 4289 1185 4361 Spirit
1204 4289 1233 4344 in

168 4370 194 4413 ²⁷
210 4372 282 4427 How
301 4371 343 4426 iar
362 4388 416 4426 was
441 4371 533 4427 Bacon
555 4371 665 4426 himself
703 4370 915 4436 ldtre,’'sndits
927 4370 1031 4426 aedon:
1043 4366 1236 4425 oriusomeoi

132 4451 187 4507 ires
199 4450 269 4506 from
280 4450 355 4505 these
366 4449 529 4506 intluences?
547 4450 662 4506 aswhcn
702 4449 745 4506 bis
757 4449 837 4506 kinds
849 4450 881 4505 ol
890 4449 984 4506 Motus
995 4448 1024 4504 in
1034 4446 1105 4518 Aph.
1116 4447 1169 4515 48?
