2708 5226
219 561 264 623 64
550 557 724 622 NOVUM
748 556 999 624 ORGANUM.

273 842 377 928 Quod
398 864 479 913 veru
498 850 625 933 putsnt
642 839 816 918 homines,
834 841 871 910 in
890 839 1115 934 philosophia
1126 839 1305 913 Aristotelis

221 982 392 1055 magnum
417 959 541 1051 utique
566 977 775 1028 consensum
803 978 900 1038 esse3
925 979 1009 1027 oum
1034 957 1233 1051 postillam
1247 959 1305 1031 cdi

222 1086 306 1161 tum,
333 1076 558 1167 antiquorum
587 1070 817 1164 philosophiae
846 1073 1065 1144 cessaverint
1094 1084 1135 1147 et
1165 1073 1307 1146 exolere

221 1196 314 1278 rint;
340 1204 394 1264 nst
419 1191 514 1284 spud
540 1200 711 1283 tempora,
730 1211 808 1280 quae
834 1201 986 1282 sequuta
1010 1199 1108 1275 sunt,
1126 1191 1177 1262 nil
1200 1192 1307 1264 melius

221 1312 407 1381 inventum
426 1308 555 1391 fuerit3
582 1307 671 1377 adeo
694 1315 735 1375 ut
760 1303 823 1375 illo
844 1315 920 1376 torn
944 1306 1037 1379 bene
1060 1310 1179 1401 positu
1193 1321 1231 1380 et
1245 1309 1308 1379 fun·

221 1428 305 1497 duta
333 1426 506 1506 rideatur,
537 1434 578 1492 ut
608 1431 801 1513 utrumque
831 1431 974 1516 tempus
1007 1423 1054 1494 sd
1088 1448 1129 1496 se
1157 1427 1307 1497 traxerit:

220 1545 344 1636 primo,
366 1541 459 1635 quod
483 1540 528 1610 de
551 1536 747 1608 cessatione
771 1539 997 1630 antiquarum
1022 1540 1307 1636 philosophisrun

220 1670 300 1753 post
316 1655 521 1728 Aristotelis
537 1677 644 1748 opero
660 1654 757 1725 editu
773 1653 935 1728 homines
952 1659 1126 1752 cogitant,
1143 1658 1181 1730 id
1198 1659 1308 1731 fulsum

222 1786 297 1858 est3
322 1775 384 1844 diu
410 1773 504 1844 enim
531 1780 664 1865 posteo,
685 1771 867 1862 usquead
895 1780 1061 1867 tempora
1077 1774 1265 1857 Ciceronis,
1278 1784 1309 1845 et

220 1890 342 1962 seculo
361 1889 555 1982 sequentis,
572 1894 779 1958 manserunt
797 1909 905 1978 opero
920 1898 1084 1961 veterum
1101 1891 1311 1986 philosopho

221 2030 301 2077 rum
308 2003 348 2073 ⁵⁶.
400 2005 472 2077 Sed
489 2004 708 2097 temporibus
730 2004 1011 2094 insequentibus,
1028 2030 1076 2078 ex
1093 2010 1310 2080 inundatione

221 2121 458 2193 Bsrburorum
492 2121 529 2190 in
559 2120 746 2211 imperium
778 2117 992 2205 Romanum,
1023 2132 1214 2217 postquem
1242 2123 1311 2194 doc·

221 2240 314 2310 trina
343 2237 498 2308 humanu
526 2235 625 2306 velut
654 2234 877 2327 naufragium
909 2260 1077 2330 perpesso
1106 2251 1221 2324 esset3
1245 2252 1308 2310 tun

220 2357 364 2427 demum
394 2354 621 2448 philosophie
646 2349 852 2421 Aristotelis
881 2362 920 2423 et
950 2351 1125 2442 Plutonis,
1157 2368 1310 2451 tanquan

221 2470 350 2542 tubulos
373 2495 420 2541 ex
443 2471 592 2540 materia
614 2467 745 2538 leviore
768 2474 807 2534 et
833 2468 949 2538 minus
975 2469 1098 2554 solido,
1116 2496 1182 2567 per
1197 2472 1310 2544 fluctus

221 2599 422 2680 temporum
458 2596 604 2656 servstae
633 2576 757 2653 sunt⁵⁷.
811 2579 906 2651 Illud
938 2587 1047 2656 etiam
1075 2589 1122 2660 de
1153 2612 1310 2661 consensu

222 2703 314 2774 fallit
347 2704 516 2784 homines,
552 2703 579 2770 si
613 2698 752 2771 acutius
787 2720 861 2767 rem
896 2701 1157 2797 introspiciant.
1208 2706 1311 2778 Verus

221 2821 316 2890 cuim
347 2841 536 2891 consensus
566 2820 594 2886 is
623 2811 721 2896 est⁵⁸‚
753 2815 812 2904 qui
844 2838 890 2884 ex
922 2815 1088 2892 libertate
1109 2823 1237 2914 judicii
1266 2826 1311 2915 (re

221 2939 317 3029 prius
346 2936 543 3029 explorata)
574 2935 610 3004 in
646 2932 741 3002 idem
771 2933 1006 3007 conveniente
1035 2941 1210 3012 consistit.
1267 2938 1311 3008 At

255 3166 281 3205 Μ
299 3168 361 3222 And
385 3176 433 3221 not
458 3167 521 3238 only
545 3165 590 3219 the
610 3163 698 3218 works
722 3160 752 3215 of
791 3161 897 3218 studied
909 3164 954 3220 the
966 3167 1070 3241 subject
1081 3169 1109 3223 in
1121 3172 1253 3242 question.
1274 3169 1312 3224 ΔΙ]

221 3246 336 3301 Bucon's
349 3246 501 3309 favourites,
513 3244 558 3299 the
575 3243 649 3299 older
662 3239 750 3296 Greek
790 3259 853 3295 men
866 3254 940 3299 must
955 3246 1038 3317 judge
1053 3249 1083 3302 oi
1098 3267 1174 3304 some
1188 3248 1311 3306 rodim·

222 3325 418 3396 Philosophers,
446 3323 496 3379 but
522 3323 568 3377 the
597 3322 669 3376 Stoic
696 3318 749 3373 and
791 3329 849 3392 tury
861 3323 950 3392 points
962 3325 993 3379 ol
1006 3329 1091 3382 morel
1103 3328 1159 3384 sud
1170 3332 1251 3386 socisl
1260 3329 1310 3384 lde:

221 3405 371 3475 Epicurean
392 3403 504 3458 Schools
524 3401 633 3463 existed,
656 3418 684 3454 as
704 3397 750 3453 did
791 3399 833 3454 lor
845 3402 880 3455 all
893 3401 1001 3458 hoveto
1013 3404 1120 3463 dowith
1132 3408 1224 3465 them:
1240 3408 1311 3466 bntit

220 3486 276 3539 also
289 3484 333 3539 the
347 3482 573 3539 Neo-Platonists.
792 3479 815 3532 is
839 3481 902 3552 only
921 3481 967 3537 the
987 3486 1109 3555 γνώριμοι
1128 3487 1221 3543 whose
1239 3487 1311 3561 judg·

256 3563 279 3601 ⁶⁷
298 3562 341 3617 Οἱ.
354 3580 428 3633 supr.
444 3560 464 3615 1.
479 3575 521 3633 ⁷¹·
791 3569 865 3613 ment
878 3560 899 3613 is
912 3562 997 3617 worth
1009 3580 1061 3634 nuy
1073 3564 1153 3638 thing
1167 3584 1197 3622 ss
1213 3577 1242 3623 to
1256 3565 1311 3622 sub

256 3641 281 3681 ⁶⁸
298 3641 356 3696 The
367 3651 426 3695 true
442 3641 499 3694 rule
517 3639 547 3693 ol
562 3649 673 3693 consent
685 3635 749 3690 then
787 3638 855 3709 jects
875 3638 981 3711 beyond
1002 3644 1098 3712 vulpm
1117 3645 1311 3716 apprehension

221 3721 273 3774 will
284 3721 327 3783 be,
340 3719 362 3774 if
377 3737 438 3773 men
455 3736 532 3789 agree
544 3718 611 3771 ulter
629 3718 748 3785 (1)care-
790 3716 866 3771 Thus
879 3719 924 3773 the
941 3721 1074 3776 universal
1092 3735 1205 3780 consent
1222 3726 1254 3781 ol
1269 3725 1311 3778 tire

220 3800 260 3853 iul
289 3797 497 3868 investigation;
529 3798 570 3863 (ο)
588 3796 642 3850 free
668 3794 750 3867 judg·
791 3796 925 3853 thousand
950 3817 1025 3870 years
1050 3801 1104 3855 sud
1129 3821 1204 3858 mors
1226 3805 1255 3858 in
1272 3801 1311 3856 ths

222 3887 310 3932 ment:
330 3878 392 3940 free,
412 3876 546 3931 hesrom
568 3875 703 3928 trsmmels
723 3874 753 3927 ol
789 3879 866 3931 sun’s
891 3879 1027 3950 revolving
1055 3880 1145 3936 round
1167 3881 1214 3936 the
1236 3879 1310 3942 arth,

220 3956 364 4027 authority,
381 3954 523 4026 prejudice,
541 3953 685 4024 suspicion,
699 3953 748 4006 &c
790 3954 839 4009 hus
853 3974 914 4010 now
925 3974 961 4011 no
972 3957 1071 4029 weight
1082 3969 1110 4013 st
1121 3961 1166 4015 ull.
1194 3958 1310 4015 Aristode

221 4035 348 4088 Aristotle
372 4032 481 4087 himself
500 4033 575 4102 gives
595 4049 611 4085 s
631 4033 688 4086 rule
709 4032 750 4086 lor
789 4051 843 4088 was
856 4037 928 4107 quite
940 4043 1079 4092 awaretoo
1090 4038 1122 4093 οἱ
1129 4037 1175 4093 the
1187 4036 1326 4094 rishsrie'

220 4117 229 4141 ‘
242 4114 362 4167 consent'
375 4111 461 4166 which
480 4111 503 4164 is
521 4112 663 4182 extremely
676 4112 749 4183 judi-
790 4113 837 4185 ing
849 4124 877 4169 to
890 4115 964 4170 truth
977 4116 1047 4170 from
1064 4127 1185 4172 custom:
1204 4135 1247 4172 see
1258 4116 1309 4171 ble-

220 4191 304 4254 dous,
323 4191 355 4244 sd
374 4193 456 4245 πᾶσιν
475 4188 490 4256 ἢ
509 4192 562 4245 roir
580 4191 715 4249 πλείστοις
733 4192 748 4262 l)
790 4192 863 4263 tuph.
877 4194 911 4247 Α.
930 4196 960 4248 τὸ
976 4195 1096 4260 ἔλαττον,
1112 4196 1155 4252 ch.
1168 4214 1195 4268 3.
1212 4196 1308 4263 Ἡλίῳ

220 4272 274 4325 roir
285 4269 399 4338 μάλιστα
410 4267 548 4339 γνωρίμοις
560 4269 690 4334 δοκοῦντα,
700 4272 747 4326 Ar.
790 4272 819 4325 di
830 4270 910 4344 ἰ’σχυν
921 4274 975 4344 ἔχει
985 4275 1014 4328 τὸ
1027 4272 1177 4344 oimdrml
1189 4279 1260 4345 νόμοι
1271 4274 1307 4340 hr-

219 4347 311 4419 Topic.
325 4346 347 4401 l.
360 4349 378 4401 i.
389 4362 413 4418 7.
438 4346 558 4419 shewing
572 4346 628 4402 that
639 4348 713 4404 there
726 4352 749 4405 is
790 4352 894 4417 λοῦσιν,
907 4352 934 4408 ἐν
945 4350 984 4410 cir
999 4354 1032 4407 τὰ
1046 4354 1151 4423 μυθώδη
1169 4356 1209 4408 rol
1226 4353 1306 4410 sodo·

219 4437 346 4498 astrong
364 4426 546 4496 presumption
565 4427 592 4480 in
610 4427 704 4484 favour
721 4431 752 4486 os
788 4432 867 4502 ριώδη
890 4435 977 4501 μεῖζον
1000 4432 1086 4504 ἰσχύει
1112 4437 1158 4487 τοῦ
1184 4436 1305 4507 γοάοιεν

219 4507 351 4561 whatever
369 4506 391 4560 is
407 4504 525 4560 believed
536 4505 573 4578 by
585 4508 747 4583 everyhody3
788 4511 847 4581 περὶ
860 4512 943 4567 αὐτῶν
954 4513 996 4566 td
1008 4515 1038 4568 rb
1050 4512 1117 4570 ἔθος.

219 4603 250 4640 οι·
271 4584 307 4657 by
318 4585 396 4640 those
413 4583 474 4638 who
493 4585 558 4641 hsve
579 4587 747 4661 particularly
