2708 5226
199 559 243 625 96
526 560 698 625 NOVUM
721 559 970 625 ORGANUM.

201 726 326 809 missis,
343 726 406 796 sed
423 749 469 797 ex
486 726 701 797 urbanorum
722 725 955 799 sermunculis
972 733 1072 796 etex
1092 724 1205 793 triviis
1222 745 1299 793 con·

199 842 279 913 silia
301 865 365 913 sna
387 853 425 913 et
448 844 592 938 negotia
610 844 848 938 gubernarem
874 844 1021 913 omnino
1038 841 1119 912 talis
1136 842 1174 910 in
1192 840 1300 933 philo·

199 958 360 1052 sophiam
377 960 647 1043 administratio,
659 969 834 1052 quatenus
851 961 897 1030 ad
914 959 1185 1051 experientiam,
1195 959 1300 1027 intro·

200 1077 310 1147 ducta
332 1085 397 1146 est.
452 1077 515 1146 Nil
540 1077 671 1147 debitis
694 1078 808 1148 modis
830 1077 1062 1169 exquisitum,
1079 1074 1131 1144 nil
1149 1074 1302 1144 verifica·

200 1203 291 1279 tum,
314 1192 366 1262 nil
396 1203 631 1276 numeratum,
656 1194 706 1263 nil
731 1215 935 1287 appensum,
960 1192 1009 1262 nil
1040 1193 1241 1262 dimensum
1266 1192 1301 1262 in

200 1309 355 1381 naturali
383 1310 530 1380 historia
556 1311 740 1403 reperitur.
791 1309 845 1380 At
870 1311 965 1402 quod
994 1310 1031 1379 in
1058 1309 1302 1380 observatione

200 1427 425 1498 indefinitum
442 1437 482 1498 et
499 1450 637 1522 vagum,
655 1429 692 1497 id
715 1429 752 1497 in
775 1428 1025 1498 informatione
1045 1425 1156 1497 fallax
1174 1436 1213 1496 et
1228 1425 1303 1496 inf-

200 1542 289 1612 dum
315 1552 382 1613 est.
433 1541 539 1626 Quod
566 1542 596 1612 si
622 1544 680 1612 cui
710 1543 785 1614 lraeo
809 1544 899 1613 mira
924 1542 1024 1612 dictu
1048 1541 1245 1624 videantur,
1267 1550 1303 1612 et

200 1657 353 1750 querelae
377 1659 495 1728 minus
511 1658 619 1750 justae
642 1661 824 1752 propiora;
851 1682 933 1730 cum
950 1657 1167 1729 Aristoteles
1184 1667 1302 1728 tantm

200 1776 277 1867 ipse
296 1774 357 1855 vir,
375 1785 413 1844 et
431 1776 521 1844 tanti
544 1775 637 1868 regis
660 1776 786 1867 opibus
808 1776 992 1859 subnixus,
1010 1783 1085 1845 tam
1102 1783 1302 1845 accuratam

200 1888 244 1960 de
260 1887 467 1960 animalibus
484 1890 666 1961 historiam
683 1892 901 1975 confecerit3
926 1901 1034 1983 atque
1056 1891 1118 1962 alii
1143 1890 1301 1961 nonnulli

201 2009 335 2101 majore
358 2007 545 2102 diligentia
561 2006 661 2094 (licet
684 2009 834 2101 strepitu
858 2010 1008 2100 minore)
1026 2007 1142 2080 multa
1168 2009 1301 2101 adjece-

201 2126 296 2207 rint3
321 2133 359 2195 et
376 2147 495 2195 rursus
510 2124 570 2196 alii
589 2126 634 2196 de
652 2126 792 2218 plantis,
810 2125 856 2197 de
878 2125 1041 2209 metallis,
1060 2134 1099 2197 et
1116 2125 1301 2208 fossilibus,

201 2241 365 2313 historiae
382 2251 420 2312 et
444 2244 661 2314 narrationes
678 2243 835 2336 copiosas
852 2242 1146 2334 conscripserint;
1174 2242 1205 2313 is
1221 2265 1302 2315 sane

202 2381 273 2429 non
291 2361 375 2430 satis
392 2361 578 2432 attendere
596 2369 633 2430 et
649 2361 848 2452 perspicere
860 2359 1010 2440 videtur,
1021 2359 1106 2451 quid
1123 2370 1252 2454 agatur
1268 2362 1302 2430 in

201 2477 397 2568 prasentia.
450 2475 534 2547 Alia
551 2479 646 2548 enim
671 2487 726 2548 est
748 2477 838 2546 ratio
859 2475 1029 2546 naturalis
1045 2476 1211 2559 historia,
1229 2500 1303 2569 qua

201 2602 346 2684 propter
368 2616 406 2663 se
429 2593 590 2663 confecta
614 2602 688 2675 est3
714 2592 783 2663 alia
803 2594 890 2685 ejus,
907 2615 986 2684 quac
1002 2593 1154 2665 collecta
1179 2604 1237 2665 est
1259 2594 1301 2665 ad

200 2709 465 2779 informandum
483 2709 707 2780 intellectum
731 2712 767 2779 in
785 2711 908 2781 ordine
924 2712 969 2781 ad
987 2711 1210 2782 condendam
1228 2713 1303 2805 plri-

203 2821 442 2917 losophiamffl.
494 2824 619 2918 Atque
642 2827 696 2896 hac
720 2827 798 2896 duae
821 2827 973 2898 historiae
991 2836 1069 2898 tum
1093 2827 1172 2899 aliis
1189 2829 1300 2910 rebus,

201 2948 280 3010 tum
311 2943 486 3034 precipue
515 2944 551 3011 in
584 2943 651 3014 hoc
681 2942 870 3026 differunt;
897 2945 992 3037 quod
1018 2945 1133 3037 prima
1158 2969 1205 3016 ex
1235 2945 1300 3016 illis

200 3058 399 3150 specierum
416 3060 633 3130 naturalium
650 3061 869 3144 varietatem,
887 3085 959 3132 non
975 3063 1107 3132 artium
1124 3061 1301 3134 mechani-

200 3196 322 3244 carum
351 3178 596 3268 experimenta
624 3178 815 3249 contineat.
868 3177 1180 3261 Quemadmodum
1208 3180 1300 3248 enim

200 3289 237 3359 in
255 3291 418 3361 civilibus
436 3291 620 3386 ingenium
638 3294 819 3385 cujusque,
837 3304 876 3365 et
892 3293 1053 3364 occultus
1073 3295 1182 3365 animi
1201 3295 1301 3366 affec·

201 3415 375 3500 tuumque
402 3430 532 3492 sensus,
559 3409 686 3480 melius
712 3409 861 3493 elicitur,
888 3432 969 3480 cnm
996 3411 1075 3501 quis
1101 3413 1139 3481 in
1166 3422 1301 3504 pertur-

200 3524 345 3596 batione
373 3526 528 3619 ponitur,
551 3549 658 3618 quam
688 3527 792 3597 alias:
819 3527 925 3597 simili
954 3527 1070 3608 modo,
1097 3536 1135 3597 et
1164 3530 1301 3600 occulta

200 3652 333 3712 natnrae
356 3645 469 3737 magis
492 3666 530 3713 se
554 3642 712 3735 produnt
735 3667 799 3735 per
816 3644 1021 3713 vexationes
1037 3645 1179 3728 artium,
1197 3670 1300 3738 quam

199 3781 284 3829 cum
303 3782 406 3829 cursu
430 3782 494 3829 sno
516 3767 649 3829 meant.
702 3759 829 3851 Itaque
852 3766 930 3827 tum
954 3759 1100 3829 demum
1118 3761 1211 3833 bene
1228 3786 1302 3856 spe-

200 3877 352 3946 randum
373 3884 427 3945 est
451 3874 498 3944 de
521 3875 672 3945 naturali
697 3874 927 3967 philosophia,
949 3884 1137 3968 postquam
1157 3878 1301 3949 historia

200 3990 372 4061 naturalis
390 3989 482 4082 (quae
508 3991 583 4083 ejus
610 3991 701 4062 basis
726 4001 781 4063 est
807 4001 845 4063 et
871 3992 1159 4086 fundamentum)
1178 3995 1301 4066 melius

199 4108 374 4177 instructa
390 4107 519 4188 fuerit3
545 4116 651 4177 antea
669 4130 752 4178 vero
770 4111 929 4179 minime.

234 4369 260 4410 2⁰
271 4370 338 4425 'I'his
356 4371 380 4426 is
399 4390 434 4426 an
451 4371 539 4426 unfair
554 4375 730 4444 assumption.
772 4373 806 4428 ed
817 4393 847 4429 aa
861 4393 951 4431 means
964 4374 1025 4431 “ad
1038 4375 1207 4433 condendam
1219 4378 1301 4450 philo·

195 4450 652 4523 -Aristotlc'sPhyaicalworkswere
661 4461 732 4507 most
773 4454 923 4526 sophiam.’'

198 4529 319 4585 valuable
335 4530 364 4585 in
380 4528 547 4594 themselves,
560 4531 614 4585 and
626 4530 731 4588 intend·
