2708 5226
123 582 171 648 94
457 576 632 643 NOVUM
655 575 907 643 ORGANUM.

125 743 190 815 sed
216 741 350 812 iniecta
379 749 418 811 et
448 738 672 836 corrupta¹⁵t
707 743 747 812 iu
775 738 984 812 Aristotelia
1012 737 1136 822 schola,
1160 761 1209 832 per

127 858 302 953 logicam
337 859 373 927 in
403 856 563 929 Platonis
591 857 722 938 schola,
753 879 816 950 per
845 853 1064 949 theologiam
1092 861 1210 923 ustura·

128 974 224 1061 lem3
259 976 297 1044 iu
323 975 480 1045 secunda
506 973 628 1045 scholu
653 972 825 1057 Platonis,
852 970 981 1053 Procli,
1006 979 1046 1041 et
1070 968 1210 1052 aliorum,

128 1112 194 1185 per
213 1091 525 1173 mathematicam
554 1113 632 1183 quae
657 1088 918 1182 philosophiam
943 1085 1140 1157 naturalem
1159 1095 1213 1155 teo

127 1209 275 1290 minare,
301 1230 372 1277 uou
399 1229 570 1301 generare
594 1216 659 1277 aut
684 1227 870 1298 procreare
894 1198 1054 1275 debet¹⁶.
1109 1200 1159 1272 At
1177 1223 1213 1272 er

129 1324 354 1419 philosophia
378 1323 529 1396 naturali
555 1345 644 1417 pura
668 1333 706 1395 et
731 1321 963 1416 impermista.
987 1318 1135 1391 meliora
1153 1340 1215 1412 sps·

129 1443 240 1514 raude
256 1451 350 1512 suut.

604 1552 766 1627 XCVII.

183 1673 305 1745 Nemo
324 1670 442 1742 adhue
465 1679 567 1742 tanta
589 1672 721 1742 mentis
748 1671 950 1741 oonstautia
977 1679 1018 1741 et
1044 1671 1155 1764 rigore
1176 1669 1217 1739 in·

133 1799 261 1861 ventus
277 1798 343 1871 eat,
361 1797 403 1858 ut
420 1787 618 1858 decreverit
640 1795 680 1860 et
701 1787 768 1858 sibi
791 1787 1002 1880 imposuerit
1025 1787 1173 1858 theorias
1189 1793 1219 1856 et

132 1907 298 1976 notiones
330 1925 540 1974 eommuues
577 1903 720 1995 penitus
753 1901 907 1986 abolere,
941 1911 981 1972 et
1013 1900 1219 1975 intellectum

130 2023 298 2094 abrasum
323 2030 362 2092 et
389 2044 529 2114 aequum
558 2021 604 2090 ad
634 2019 860 2114 particularia
887 2021 934 2090 de
961 2021 1104 2115 integro
1128 2016 1221 2113 rppli-

133 2136 263 2212 oare¹⁷.
320 2137 449 2230 Itaque
472 2139 562 2208 ratio
585 2135 648 2208 illa
668 2135 834 2220 humana,
852 2159 958 2229 quam
985 2136 1164 2218 habemns,
1184 2157 1222 2205 ex

133 2256 250 2328 multa
267 2256 347 2337 iide,
363 2264 402 2328 et
420 2255 536 2325 multo
553 2255 662 2325 etiarn
680 2277 774 2335 casu,
792 2277 858 2324 nee
874 2277 948 2325 nou
965 2277 1014 2326 ex
1035 2253 1224 2347 puerilibus.

135 2397 223 2468 quas
248 2376 363 2468 primo
389 2373 582 2455 hausimus,
603 2372 816 2454 notionibus,
840 2371 980 2465 farrago
1000 2371 1162 2465 quadam
1179 2379 1225 2442 est

136 2504 175 2565 et
192 2492 385 2585 congeries.

186 2606 292 2691 Quod
319 2607 348 2677 si
377 2606 455 2698 quis
483 2613 588 2675 atate
613 2613 762 2688 matura,
783 2614 821 2676 et
844 2605 1006 2675 sensibus
1029 2606 1183 2699 integris,
1198 2611 1228 2674 et

135 2733 259 2795 mente
276 2731 475 2817 repurgata,
492 2744 532 2792 se
555 2722 598 2792 ad
623 2722 880 2815 experientiam
899 2720 1000 2791 etad
1020 2720 1230 2815 particularia

137 2842 183 2912 de
201 2842 339 2934 integro
355 2838 519 2932 applicet,
539 2840 583 2909 de
607 2859 650 2909 eo
673 2837 802 2909 melius
824 2837 1039 2930 sperandum
1057 2848 1121 2909 est.
1171 2835 1230 2907 At

139 2980 210 3049 qne
227 2958 293 3027 hac
312 2958 346 3026 iu
369 2965 469 3048 parte
492 2955 593 3024 nobis
616 2955 831 3047 spondemus
848 2955 1027 3025 fortunam
1046 2952 1230 3027 Alexandri

139 3070 292 3166 Magni:
331 3094 448 3164 neque
478 3071 556 3163 quis
590 3093 654 3141 nos
684 3070 850 3141 vanitatis
884 3079 1020 3165 arguat,
1051 3081 1232 3165 antequam

138 3188 276 3259 exitum
294 3189 344 3258 rei
362 3187 495 3270 audiat,
509 3209 586 3279 quae
603 3187 649 3256 ed
666 3186 868 3258 exuendam
886 3210 1030 3260 omnem
1050 3190 1233 3260 vanitatem

139 3314 287 3398 spectat.

190 3419 338 3492 Etenim
357 3421 402 3491 de
416 3417 625 3494 Alexandro
638 3430 675 3491 et
689 3420 765 3513 ejus
780 3422 883 3493 rebus
899 3422 1011 3516 gestis
1024 3416 1236 3495 AEsshiues¹⁸

178 3664 201 3704 ¹³
219 3663 262 3719 Cl.
282 3682 355 3735 supr.
375 3663 397 3717 1.
415 3677 459 3734 54.
476 3661 527 3732 ⁶3³
553 3660 624 3716 adv.
643 3661 675 3716 oi
711 3660 764 3716 and
785 3663 819 3718 ei.
839 3663 910 3718 what
930 3662 1083 3736 Maenaday,
1102 3663 1189 3737 may
1206 3680 1238 3718 ou

140 3742 283 3815 harding,
295 3761 322 3814 p.
332 3757 376 3814 51.
414 3740 577 3797 ForPhato‘s
590 3740 670 3794 iuter-
713 3740 813 3806 Bacon,
826 3742 994 3815 ssysonthe
1008 3744 1093 3814 point
1122 3743 1239 3800 etima

140 3819 670 3892 mixtureoITheologyseethe'Iimaeus.
713 3821 751 3876 11.
765 3823 791 3876 8.

179 3898 202 3938 ¹⁸
218 3898 295 3964 This,
307 3918 344 3954 on
360 3900 405 3954 the
421 3899 556 3953 iunctione
570 3898 601 3953 oi
611 3899 671 3953 Ma·
749 3898 772 3940 ¹⁷
789 3899 897 3960 Quoted
910 3900 947 3972 hy
960 3898 997 3954 D.
1006 3899 1128 3965 Stenart,
1140 3898 1241 3956 Phiiol

140 3978 671 4049 thematioeasrnerelygiviugthehmitr
711 3979 758 4034 tha
778 3981 887 4034 liumun
907 3979 996 4043 Mind,
1013 3979 1169 4037 Introdll.
1185 3983 1239 4049 §13

141 4059 172 4112 of
188 4057 301 4112 Natural
319 4056 435 4120 Seianae,
451 4057 474 4110 is
491 4057 531 4111 iar
548 4067 593 4112 too
612 4075 671 4111 uar-
713 4059 799 4114 where
811 4059 845 4113 he
857 4058 933 4123 adds,
946 4065 991 4113 “a
1001 4069 1077 4129 great
1089 4060 1191 4131 partos
1198 4058 1239 4114 tte

142 4155 205 4190 row.
252 4133 343 4189 Bacon
367 4134 431 4198 had,
456 4136 486 4189 oi
508 4153 612 4200 coume,
635 4153 672 4190 no
711 4138 758 4192 lile
776 4138 807 4192 of
825 4156 841 4191 a
860 4137 1035 4208 Philosopher
1054 4147 1129 4193 must
1147 4139 1181 4194 be
1198 4137 1239 4192 de·

141 4212 298 4283 knowledge
314 4214 345 4268 ol
360 4213 405 4267 the
423 4214 543 4269 intimate
559 4233 672 4269 conuec·
712 4216 792 4271 voted
805 4229 853 4271 uot
865 4216 1239 4290 somuchtothesequidtisu

141 4293 198 4347 tion
211 4292 329 4346 between
341 4291 407 4362 high
419 4292 472 4346 and
485 4293 600 4348 abstract
613 4294 673 4347 hla-
714 4296 743 4350 oi
754 4315 811 4350 new
821 4295 985 4365 knowledge,
995 4313 1025 4350 as
1037 4304 1065 4350 to
1077 4297 1188 4351 uulearu
1199 4295 1240 4350 the

142 4370 281 4426 thematics
304 4370 357 4424 and
380 4369 502 4441 Physical
525 4372 622 4435 truths,
644 4390 673 4426 as
714 4392 800 4429 errore
812 4383 840 4429 to
853 4373 939 4428 which
951 4373 985 4428 he
999 4372 1052 4428 hud
1066 4374 1134 4428 been
1149 4373 1239 4445 taught

141 4467 182 4504 we
194 4467 238 4503 see
249 4447 323 4503 them
337 4450 454 4520 meeting
469 4450 498 4504 iu
512 4453 674 4524 Astronomy
714 4462 743 4508 to
755 4454 815 4525 give
827 4471 862 4506 au
873 4453 985 4523 implicit
996 4461 1087 4508 assent
1098 4453 1188 4508 before
1199 4452 1237 4507 the

142 4548 174 4584 or
183 4527 287 4600 Optics.
317 4528 368 4582 For
379 4528 421 4582 his
430 4529 509 4582 views
522 4547 557 4583 ou
567 4531 673 4586 Mathe·
715 4531 793 4588 dawu
805 4532 836 4587 oi
844 4549 938 4586 reaaou
950 4530 1004 4586 and
1016 4530 1180 4587 reflection.''

143 4608 235 4663 matics
252 4624 296 4663 see
311 4607 353 4662 De
365 4608 464 4678 Augur.
479 4607 577 4664 Sciant.
590 4610 626 4664 iii.
640 4610 657 4664 6
664 4632 673 4676 t
754 4610 777 4650 ¹⁸
795 4610 837 4666 Oi.
851 4609 1052 4671 Advrucemeut
1063 4611 1094 4666 of
1105 4610 1235 4677 learning,
