2708 5226
211 556 277 622 ara
539 550 713 648 novun
735 549 985 617 onnanuu.

211 744 313 794 suum
343 719 473 814 (quoad
500 720 663 813 possunt)
693 726 850 789 tuentur.
901 717 1012 802 Quod
1040 717 1072 788 si
1101 715 1151 786 ad
1179 718 1306 784 motum

211 836 481 930 oompellantur‚
511 845 633 906 umen
662 833 731 906 hoc
763 856 870 928 agere
898 855 1042 927 semper
1067 832 1247 910 videntur,
1272 835 1308 895 ut

212 955 372 1047 quietem
402 963 441 1024 et
468 961 602 1024 statum
631 975 736 1023 suum
763 958 985 1046 recuperent,
1016 972 1139 1042 neque
1167 944 1307 1039 amplius

211 1076 391 1140 moveant.
442 1055 567 1159 Atque
589 1067 682 1138 oiroa
698 1067 767 1138 hoo
789 1074 887 1139 uerte
903 1088 944 1138 se
966 1065 1078 1160 agilia
1092 1062 1262 1158 prebent,
1275 1067 1308 1127 et

212 1187 299 1256 satis
325 1185 517 1278 perniciter
545 1193 584 1255 et
609 1182 732 1275 rapide
761 1186 818 1272 (ut
846 1191 997 1275 pertaesa
1027 1188 1067 1252 et
1093 1175 1309 1274 impatientia

213 1301 329 1373 omnis
361 1301 483 1391 moroe)
521 1297 753 1369 contendunt.
820 1295 941 1389 Hujus
979 1305 1106 1368 autern
1140 1293 1309 1387 appetitus

212 1416 332 1508 imago
361 1434 407 1484 ex
437 1422 539 1507 parte
566 1420 708 1483 tantum
733 1413 829 1484 eerni
857 1421 999 1505 potest3
1028 1413 1117 1505 quia
1141 1410 1202 1480 hio
1224 1405 1308 1501 apud

213 1553 290 1614 nos,
320 1553 367 1601 ex
398 1529 605 1601 subactione
635 1537 673 1600 et
706 1529 936 1600 eonoootione
970 1527 1186 1608 ooelestium,
1214 1543 1311 1596 omne

212 1646 386 1740 tangibile
408 1666 480 1716 non
502 1652 645 1715 tantum
668 1667 740 1716 non
757 1645 1017 1717 eundensatum
1042 1653 1101 1716 est
1123 1645 1170 1715 ad
1186 1641 1311 1713 ultimi-

213 1771 339 1848 tatem,
356 1760 417 1832 sed
435 1761 544 1830 etiam
561 1784 644 1831 oum
661 1761 788 1855 spiritu
806 1760 980 1832 nonnullo
997 1763 1184 1833 miscetur.

265 1874 519 1969 Proposuimns
540 1877 663 1969 itaque
676 1878 755 1969 jam
771 1877 915 1971 species,
933 1876 1011 1947 sive
1033 1876 1220 1948 elementa
1239 1875 1312 1945 sim·

213 1992 321 2087 plioia
353 1999 531 2077 motuum,
564 1992 802 2085 appetituum,
830 1998 868 2062 et
900 1991 1079 2062 virtutum
1113 1993 1312 2071 antivarum,

215 2130 293 2201 quoe
317 2117 401 2180 sunt
424 2109 462 2179 in
479 2117 608 2179 natura
623 2108 780 2178 maxime
802 2106 989 2178 catholiea.
1042 2107 1176 2202 Neque
1198 2127 1311 2201 parum

214 2226 372 2297 soientiae
395 2224 565 2297 naturalis
587 2225 654 2296 sub
678 2224 749 2295 illis
771 2223 1024 2295 adumbratum
1040 2234 1108 2296 est
1162 2224 1246 2297 Non
1260 2244 1313 2291 ne

214 2363 340 2436 gamus
373 2350 506 2422 tamen,
539 2350 578 2413 et
611 2340 697 2412 alias
730 2341 865 2433 speeies
898 2338 1050 2412 fortasse
1083 2341 1169 2412 addi
1201 2360 1313 2435 pom

215 2467 324 2550 atque
353 2457 439 2528 istus
470 2456 564 2549 lpsas
589 2457 778 2527 divisiones
803 2455 999 2527 secundum
1026 2459 1183 2529 veriores
1206 2477 1313 2528 rerum

215 2597 323 2643 venas
346 2574 546 2657 transferri3
573 2574 728 2665 denique
751 2574 789 2643 iu
807 2573 981 2642 minorem
1008 2596 1200 2645 numerum
1222 2595 1313 2667 pow

216 2690 339 2782 redigi.
397 2687 529 2780 Neque
560 2697 681 2758 tamen
711 2688 779 2758 hoo
809 2688 854 2757 de
883 2690 1119 2762 divisionibus
1148 2689 1314 2784 aliquibus

218 2805 404 2874 abstractis
438 2803 698 2898 intelligimus:
734 2804 846 2874 veluti
872 2805 900 2873 si
930 2807 1150 2896 quisdicat,
1180 2827 1315 2900 eorpors

217 2928 385 3011 appetere
420 2919 475 2989 vel
512 2922 827 3004 conservationem,
862 2920 918 2990 vel
961 2922 1233 3006 exaltationem,
1265 2919 1313 2992 vel

216 3035 516 3129 propagationem,
536 3036 591 3107 vel
609 3037 815 3107 fruitionem
832 3046 967 3106 naturae
992 3061 1088 3110 suoe:
1113 3049 1179 3110 aut
1194 3042 1222 3110 si
1247 3039 1314 3132 quis

217 3151 323 3234 dicat,
342 3162 460 3222 motus
486 3175 604 3222 rerum
631 3153 778 3224 tendere
804 3154 848 3223 ad
872 3158 1182 3227 conservationem
1205 3168 1244 3228 et
1262 3156 1315 3225 bo

217 3290 316 3351 num,
339 3268 396 3339 vel
423 3270 588 3351 universi,
612 3278 654 3338 ut
679 3269 887 3363 antitypiom
912 3275 951 3337 et
978 3293 1135 3351 netum:
1166 3272 1223 3342 vel
1248 3273 1316 3341 nni·

218 3384 427 3454 versitatum
445 3405 663 3476 magnarum,
682 3392 724 3452 ut
740 3392 859 3453 motus
877 3387 1157 3481 oonpreyotionis
1173 3387 1313 3480 majoris,

217 3498 411 3580 rotationis,
430 3507 468 3567 et
488 3495 721 3568 sementim
740 3506 851 3568 motus
861 3522 873 3577 ;
900 3497 955 3568 vel
980 3500 1178 3573 formarum
1195 3504 1316 3597 specia-

219 3614 320 3697 lium,
345 3625 387 3684 ut
412 3614 578 3707 reliquos.
630 3611 736 3682 Licet
760 3615 856 3683 enim
882 3612 958 3683 haeo
984 3639 1070 3687 vera
1094 3621 1179 3702 sint,
1204 3629 1315 3690 tamen

219 3732 287 3800 nisi
312 3732 547 3800 terminentur
569 3731 605 3798 in
623 3730 772 3799 materis
793 3740 830 3801 et
854 3730 988 3801 fabrica
1010 3736 1211 3806 secundum
1228 3758 1316 3806 veras

220 3847 340 3927 lineas,
359 3845 576 3937 speculativa
593 3853 687 3929 sunt,
704 3853 741 3916 et
762 3848 879 3914 minus
895 3846 1009 3918 utilia
1063 3849 1216 3923 Interim
1233 3852 1316 3924 suffi-

220 3963 327 4043 cient,
345 3970 383 4030 et
400 3961 483 4030 boni
508 3971 612 4032 erunt
636 3983 730 4044 usus,
747 3963 791 4031 nd
815 3962 1044 4053 pensitandas
1067 3967 1317 4060 proeolomiaon-

222 4077 289 4146 tios
306 4077 491 4160 virtutum,
509 4088 547 4148 et
564 4078 800 4170 exquirendas
821 4078 1151 4163 imminutum:
1177 4087 1214 4156 id
1233 4084 1317 4179 quod

221 4215 317 4263 nune
334 4194 461 4286 agitur.

273 4308 419 4380 Etenim
438 4332 484 4378 ex
508 4309 563 4379 his
588 4333 676 4401 quos
692 4311 937 4402 proposuimus
959 4313 1131 4400 motibus,
1148 4317 1211 4388 alii
1232 4340 1319 4412 pror·

222 4448 281 4496 sus
313 4433 396 4495 sunt
422 4424 663 4508 invincibilem
688 4424 747 4496 alii
773 4425 852 4497 aliis
878 4436 963 4498 sunt
989 4430 1167 4519 fortiores,
1185 4444 1223 4506 et
1247 4432 1317 4504 illos

223 4541 344 4636 ligant,
363 4539 519 4621 lraenant,
538 4540 751 4634 disponunt;
774 4542 835 4613 alii
852 4543 930 4614 aliis
947 4543 1090 4640 longius
1100 4550 1317 4643 jacuimus
