2708 5226
219 562 283 630 170
549 560 721 626 NOVUM
744 560 990 628 ORGANUM.

215 728 364 823 gradum
382 726 508 798 caloris
524 728 658 798 habent
679 731 724 800 ad
741 739 899 812 tactum3
919 729 983 799 sed
1000 729 1169 801 videntur
1186 730 1302 803 habere

215 842 447 937 potentialem
471 852 613 914 tantum
636 844 814 937 quendam
836 843 1004 926 calorem,
1021 843 1098 914 sive
1115 843 1303 936 dispositio

217 983 301 1031 nem
319 969 357 1030 et
374 961 663 1053 praeparationem
681 960 725 1030 ad
742 959 908 1030 calidum.
943 958 1076 1030 Postea
1093 961 1238 1032 demum
1253 963 1306 1032 de

219 1077 429 1148 scendemus
445 1076 490 1146 ud
506 1100 559 1156 ea,
577 1099 654 1169 quae
671 1083 756 1146 sunt
775 1083 858 1145 actu
875 1077 951 1147 sive
971 1077 1016 1145 ad
1036 1085 1174 1147 tactum
1191 1076 1305 1158 ualida,

219 1214 413 1285 eorumque
431 1191 659 1263 fortitudines
675 1200 714 1264 et
729 1191 869 1286 gradus.

245 1345 279 1411 l.
297 1341 341 1413 In
359 1340 563 1433 corporibus
588 1338 708 1410 solidis
733 1348 771 1411 et
793 1338 1026 1432 tangibilibus
1050 1362 1121 1411 non
1139 1342 1309 1413 invenitur

291 1456 436 1548 aliquid,
462 1456 558 1549 qnod
585 1457 622 1526 in
647 1464 774 1526 natnrn
798 1479 862 1527 sua
886 1455 1043 1527 calidum
1068 1458 1117 1528 sit
1141 1459 1310 1551 originali·

293 1568 391 1642 ter⁸¹.
443 1570 531 1641 Non
548 1572 645 1641 enim
669 1569 757 1663 lapis
778 1569 916 1662 uliquis,
934 1594 1005 1641 non
1031 1571 1230 1656 metallum,
1247 1597 1310 1643 non

293 1686 449 1780 sulphur,
468 1710 540 1756 non
557 1685 676 1758 fossile
693 1685 846 1779 aliquod,
863 1710 937 1757 nou
955 1686 1105 1782 lignum,
1122 1712 1195 1761 non
1216 1712 1308 1782 aqua

293 1825 365 1873 non
394 1803 544 1874 nadaver
572 1802 745 1884 animalis,
770 1803 1001 1874 inveniuntur
1026 1804 1154 1877 talida.
1204 1804 1310 1899 Aqua

292 1919 554 1989 autem-calida
580 1919 616 1989 in
642 1918 777 1989 balneis
793 1919 960 1990 videntur
975 1920 1132 1993 calefieri
1148 1946 1213 2015 per
1229 1926 1310 1995 aoei-

293 2036 389 2116 dens,
409 2037 483 2106 sive
508 2058 571 2129 per
595 2034 775 2106 flammam
799 2043 864 2105 ant
889 2037 1010 2129 ignem
1036 2038 1308 2122 subterraneum,

291 2150 406 2244 qualis
421 2174 470 2223 ex
489 2149 602 2222 AEtna
618 2162 656 2222 et
671 2152 853 2222 montibus
873 2151 952 2222 aliis
968 2153 1214 2246 eomplnribns
1235 2178 1309 2226 evo

291 2265 451 2352 mitnr⁸²5
466 2269 542 2340 sive
556 2291 605 2338 ex
618 2267 786 2339 oonlliotn
803 2289 1002 2360 norpnmm,
1014 2270 1307 2360 quemadmodum

291 2383 390 2458 calor
406 2384 448 2454 lit
470 2385 507 2455 in
531 2385 615 2457 ferri
637 2397 675 2455 et
700 2384 816 2455 stanni
833 2384 1136 2457 dissolutionibus.
1191 2387 1309 2480 ltaque

291 2499 421 2591 gradus
445 2498 571 2568 caloris
597 2501 633 2568 in
660 2499 874 2582 inanimatis,
901 2509 1078 2591 quatenus
1103 2503 1148 2573 ad
1176 2513 1307 2576 tactum

292 2614 498 2695 humanum,
525 2613 645 2685 nullus
670 2626 745 2699 est;
771 2626 1003 2687 veruntamen
1030 2616 1092 2688 illa
1116 2622 1230 2713 gradu
1256 2622 1308 2690 fri-

290 2732 384 2822 goris
415 2729 604 2812 differunt3
631 2753 701 2800 uon
727 2732 825 2801 enirn
850 2755 950 2823 aeque
976 2731 1145 2827 frigidum
1172 2745 1229 2806 est
1254 2736 1309 2829 lig·

290 2867 388 2926 num,
405 2868 447 2916 ao
464 2845 660 2917 metallum.
713 2846 784 2918 Sed
812 2846 879 2918 hoo
903 2849 1057 2940 pertinet
1081 2851 1126 2919 ad
1144 2849 1307 2923 Tabulam

293 2962 466 3053 graduum
484 2963 521 3031 in
538 2962 677 3056 frigido.

244 3082 278 3148 2.
296 3076 469 3148 Attamen
483 3079 599 3170 quoad
619 3077 829 3171 potentiales
846 3077 979 3148 calores
995 3089 1033 3149 et
1045 3085 1308 3173 praeparationes

291 3196 336 3267 ad
363 3195 552 3277 flammam,
573 3195 756 3289 complura
780 3196 1010 3267 inveniuntur
1035 3198 1232 3270 inanimata
1255 3200 1308 3271 ad·

286 3302 440 3383 ‘modurn
457 3313 636 3406 disposita,
654 3322 694 3383 ut
711 3311 869 3404 sulphur,
886 3312 1054 3404 naphtha,
1072 3315 1280 3407 petroleum.

242 3435 277 3501 3.
294 3430 383 3514 Quae
408 3440 516 3501 antea
540 3429 773 3510 inraluerunt,
798 3438 840 3498 ut
863 3429 969 3499 fimus
993 3430 1146 3520 equinus
1171 3455 1220 3503 ex
1242 3431 1306 3503 aui·

293 3548 390 3631 mali,
407 3558 470 3618 aut
488 3546 577 3630 calx,
590 3556 654 3616 aut
670 3547 816 3616 fortasse
833 3547 932 3627 cinis,
945 3554 1008 3616 aut
1026 3546 1140 3639 fuligo
1157 3570 1204 3618 ex
1223 3551 1307 3642 igne,

292 3664 457 3756 reliquias
474 3664 626 3733 latentes
643 3662 812 3753 quasdam
831 3660 954 3730 caloris
971 3663 1097 3753 prioris
1114 3659 1307 3736 retinentffl.

251 3824 743 3893 ⁸¹Thislnstauceistntsllyrrrong.
820 3820 846 3859 ⁸²
863 3822 908 3875 All
928 3821 986 3877 thar
1008 3823 1031 3877 is
1055 3823 1157 3878 known
1178 3842 1251 3894 upon
1271 3823 1311 3878 the

217 3905 261 3958 All
281 3903 374 3959 bodies
398 3921 441 3957 are
461 3901 565 3956 endned
587 3901 650 3955 with
674 3900 745 3954 lleat
785 3899 889 3970 subject
912 3901 943 3954 of
963 3900 1008 3954 the
1032 3901 1121 3972 origin
1142 3903 1173 3957 ol
1191 3902 1312 3958 Volosnit

216 3999 290 4036 more
311 3999 342 4035 or
361 3981 429 4045 less3
454 3981 489 4034 all
510 3982 696 4051 aggregatione
717 3978 747 4033 of
785 3977 832 4031 fite
843 3978 866 4032 is
878 3987 907 4031 to
918 3978 952 4033 be
963 3978 1048 4033 lonnd
1060 3979 1089 4033 in
1101 3980 1151 4035 Dr.
1160 3981 1313 4052 Dnnbeny‘s

214 4061 336 4130 particles
354 4059 421 4114 have
439 4076 513 4113 some
527 4057 621 4129 degree
633 4059 664 4112 ol
674 4058 745 4112 Hest
784 4055 951 4111 Treatisann
962 4057 1107 4112 Volcanus.
1133 4059 1177 4114 Οἱ.
1190 4077 1262 4130 mpr.
1276 4057 1318 4112 ll.

214 4138 244 4193 in
255 4138 343 4201 them3
362 4138 414 4192 and
427 4136 472 4191 the
484 4155 579 4191 reason
588 4136 648 4207 why
661 4136 744 4190 Metal
788 4152 828 4189 12.
843 4135 910 4190 lust.
926 4151 966 4190 10.

216 4217 239 4271 is
251 4214 341 4272 oolder
352 4224 380 4270 to
391 4216 437 4270 the
448 4214 530 4270 touch
542 4214 607 4269 than
619 4215 709 4269 Wood
720 4216 743 4268 is
820 4213 846 4251 ⁸⁸
857 4220 876 4244 “
885 4213 1012 4287 liehquiae
1025 4213 1171 4270 utentem
1183 4224 1255 4270 must
1266 4219 1319 4268 not

214 4302 263 4350 not
280 4294 339 4348 that
355 4293 376 4348 it
393 4294 442 4348 has
460 4310 533 4347 more
550 4292 671 4346 inherent
683 4293 743 4347 eold
786 4291 818 4346 be
842 4293 973 4347 mistaken
997 4293 1039 4347 lor
1062 4298 1081 4323 “
1094 4293 1191 4349 Latent
1216 4285 1319 4354 fleat,”

215 4373 243 4428 in
267 4373 297 4434 it.
317 4371 368 4426 but
392 4372 488 4444 simply
511 4371 624 4425 &causo
647 4371 677 4425 of
698 4370 744 4426 the
784 4369 871 4424 which
890 4389 943 4425 was
964 4381 1012 4425 not
1032 4369 1187 4427 discovered
1205 4372 1244 4426 oh
1262 4370 1318 4424 Dr·

213 4450 465 4524 greaterdensityol
473 4449 508 4503 its
519 4449 743 4521 particles,rrhich
786 4448 894 4505 Black's
929 4450 1116 4522 experimento.
1149 4446 1317 4518 (Hexhd’u

214 4549 290 4603 narry
309 4530 350 4584 off
367 4547 383 4584 a
398 4530 439 4584 far
456 4536 559 4599 greater
576 4529 697 4600 quantity
716 4528 746 4582 nl
785 4528 930 4585 Disconrse
942 4546 978 4583 on
991 4528 1054 4584 Nat.
1064 4528 1134 4583 Phil.
1147 4531 1163 4598 t
1171 4529 1230 4601 360,
1239 4519 1316 4599 3610)

216 4608 329 4666 caloric.
366 4607 416 4663 See
428 4615 490 4662 note
502 4604 546 4675 67.
783 4605 912 4662 'l'urner's
925 4607 1087 4679 chemistry,
1099 4607 1159 4662 Art.
1172 4606 1248 4662 flet
