2708 5226
646 607 710 672 xxii

124 779 289 843 doctissimi
314 783 510 864 repcroerotio
525 780 584 844 istu
600 791 631 843 et
647 782 847 845 instauratio
869 782 1069 848 scientiarum
1090 784 1215 850 debetur.

127 892 277 976 Superest
299 890 416 976 petitio,
439 891 602 976 majestate
624 901 680 953 tun
701 912 762 954 non
786 891 935 979 indigum
958 904 992 957 et
1015 894 1145 959 maxime
1164 917 1218 958 om·

126 1001 209 1066 nium
224 1002 338 1066 faciens
352 1003 440 1067 adid
455 1004 538 1088 qnod
553 1002 668 1089 agitur.
700 1002 747 1066 llo
761 1011 819 1077 est,
832 1012 878 1077 ut,
893 1003 1021 1088 quaudo
1036 1005 1218 1070 Salomonem

127 1113 157 1176 in
173 1113 313 1199 plurimis
328 1115 455 1189 referes,
467 1115 652 1201 judiciorum
675 1113 842 1201 gravitate,
857 1136 956 1202 regno
977 1115 1116 1202 pacifico
1131 1117 1220 1181 cordis

127 1224 298 1299 latitudine,
313 1224 462 1291 librorum
479 1226 622 1312 denique,
637 1248 716 1311 quos
730 1226 937 1312 composuisti,
953 1226 1051 1291 nobili
1067 1227 1220 1293 vsrimw

126 1343 219 1408 ctiam
235 1343 293 1408 hoc
307 1344 350 1409 ud
360 1345 498 1429 ejusdem
513 1344 597 1431 regis
608 1344 784 1430 exemplum
798 1343 906 1420 addus,
918 1354 955 1410 ut
965 1367 1059 1410 cures
1072 1346 1221 1412 historin

126 1454 300 1519 naturalem
315 1464 348 1519 et
362 1454 647 1540 experimentulem
663 1475 768 1518 verum
784 1464 818 1518 et
831 1476 982 1530 severum,
999 1456 1114 1539 (missis
1135 1456 1222 1544 philo

127 1563 246 1652 logicis)
261 1576 293 1629 et
308 1586 378 1651 qun
392 1564 433 1629 sit
447 1564 478 1629 in
494 1565 602 1630 ordine
622 1566 662 1630 nd
678 1565 870 1631 condendum
892 1566 1133 1654 philosophiam,
1147 1568 1223 1633 deni

126 1697 187 1760 que
202 1674 324 1760 qualem
338 1697 393 1740 suo
409 1676 474 1740 loco
489 1677 705 1752 describemus,
722 1678 848 1764 congeri
863 1688 896 1742 et
910 1677 1037 1764 perlici:
1055 1690 1092 1743 ut
1105 1680 1223 1745 tandem

127 1798 197 1874 post
212 1798 259 1853 tot
273 1789 379 1854 mundi
393 1799 502 1855 aetctcs
516 1790 717 1878 philosophie
732 1801 764 1856 ct
778 1791 915 1856 scientim
934 1815 997 1857 non
1018 1793 1083 1859 sint
1102 1794 1224 1882 amplius

127 1899 260 1986 pensiles
282 1909 315 1965 ot
335 1904 445 1976 adrem,
461 1902 517 1967 sed
538 1903 642 1968 solidis
664 1901 865 1988 experientius
879 1904 1065 1993 omnigenus,
1081 1905 1225 1993 ejusdem-

127 2033 189 2096 que
204 2011 282 2074 beue
296 2011 468 2097 pensitatus,
483 2013 622 2077 nituntur
636 2013 854 2078 fundamentis.
889 2014 1043 2100 Equidem
1064 2018 1225 2102 Orpanmu

128 2121 267 2209 praebui;
292 2144 398 2186 vorum
414 2122 557 2188 materies
572 2145 592 2187 u
606 2123 699 2188 rebus
713 2123 787 2209 ipsis
802 2125 938 2210 petendu
960 2137 1017 2190 est
1064 2127 1153 2192 Deus
1168 2126 1225 2213 Op

128 2233 221 2298 timus
237 2233 392 2297 Maximus
406 2233 602 2320 Mnjestutem
617 2244 703 2299 tunm
718 2234 772 2300 diu
786 2244 890 2301 servet
904 2235 1100 2303 incolumem.

390 2421 600 2487 Serenissimae
616 2419 774 2504 Mujestcti
790 2420 867 2486 'Ius

303 2559 418 2622 Servus
433 2556 675 2621 devinctissimus
690 2566 723 2621 et
737 2558 958 2633 devotissimus,

661 2717 935 2788 FRANCISOUS
959 2722 1189 2799 VERULAM‚

796 2833 1045 2899 Ossonumnms.
