2708 5226
124 565 190 628 208
456 563 630 631 Novum
652 563 900 630 ORGANUM.

127 727 291 822 ligneam,
313 726 415 821 (puta
441 730 553 802 latera
577 732 732 813 navium,
757 738 821 801 aut
844 726 992 821 similia)
1022 748 1127 820 quam
1148 748 1208 797 css·

127 843 209 913 dem
239 844 385 938 sagittas
413 843 505 918 ferro
533 848 763 930 acuminatas,
787 854 933 939 propter
960 842 1210 915 similitudinem

127 959 333 1031 substantiae
367 959 455 1057 ligni
486 963 532 1034 ad
559 963 708 1058 lignum,
739 962 824 1033 licat
854 961 922 1034 hoc
951 969 1037 1032 ante
1065 960 1104 1030 in
1131 958 1211 1053 ligno

127 1073 283 1147 latuerit.
334 1075 478 1160 Itidem,
514 1077 599 1151 licet
630 1081 691 1150 air
722 1081 850 1160 airam,
881 1086 946 1149 aut
977 1099 1071 1169 aqua
1102 1096 1213 1168 aquam

126 1193 315 1264 manifesto
349 1216 419 1265 non
455 1195 574 1268 trabat
603 1197 640 1266 in
669 1195 874 1289 corporibus
907 1195 1077 1288 integris3
1106 1200 1213 1263 tamen

128 1307 225 1379 bulla
240 1311 487 1403 approximata
503 1310 619 1394 bullae,
632 1309 769 1382 facilius
785 1308 948 1382 dissolvit
964 1308 1215 1400 bullnmquam

127 1425 156 1495 si
174 1424 273 1496 bulla
289 1423 351 1496 illa
365 1424 479 1497 altera
498 1427 645 1510 abesset,
664 1427 711 1498 ob
732 1426 933 1520 appetitum
951 1424 1117 1497 coitionis
1130 1444 1215 1515 aqna

127 1562 211 1610 cum
227 1563 329 1632 aqua,
347 1549 385 1610 ct
401 1541 490 1613 airis
507 1564 589 1613 cum
606 1543 697 1613 aire.
734 1539 860 1636 Atque
877 1539 1084 1633 hujusmodi
1100 1541 1216 1611 imus

128 1655 189 1724 tioe
205 1653 425 1727 clandestina
446 1661 539 1751 (quse
563 1666 647 1729 sunt
672 1679 757 1728 usus
781 1654 1003 1743 nobilissimi,
1028 1665 1071 1728 ut
1095 1657 1216 1728 dictum

127 1773 199 1862 est)
220 1771 257 1841 in
277 1773 499 1865 portionibus
523 1793 710 1866 corporum
735 1774 851 1866 parvis
876 1781 915 1843 et
939 1771 1133 1844 subtilibus
1155 1793 1216 1841 ma·

126 1888 224 1958 xime
241 1909 280 1958 se
296 1889 384 1960 dant
396 1891 678 1984 conspiciendas:
705 1890 790 1981 quia
805 1912 926 1961 massae
942 1912 1067 1961 rerum
1084 1891 1216 1982 majores

126 2013 324 2095 sequuntur
337 2004 467 2076 formas
483 2007 596 2102 magis
612 2003 805 2099 catholicas
821 2013 860 2078 ct
876 2004 1087 2101 generalem
1109 2015 1150 2078 ut
1164 2027 1216 2077 suo

126 2120 204 2193 loco
221 2117 410 2192 dicetur⁵⁷.

608 2237 757 2312 XXVI.

178 2351 280 2426 Inter
296 2355 544 2448 praerogativas
560 2356 809 2427 instantiarum
827 2376 1000 2448 ponemus
1013 2357 1142 2449 quinto
1153 2355 1216 2428 loco

128 2470 312 2542 instantias
337 2471 583 2553 constitutivas,
601 2493 689 2563 quas
717 2473 827 2542 etiam
852 2469 1091 2565 manipulares
1114 2471 1218 2566 appel·

128 2587 200 2659 lare
225 2589 472 2659 consuevimus
481 2585 520 2656 ⁵⁸.
574 2587 634 2657 Eae
659 2598 752 2667 sunt,
770 2608 848 2678 qua
873 2587 1102 2658 constituunt
1125 2605 1217 2656 unam

126 2705 280 2797 speciem
308 2713 442 2775 naturae
472 2703 646 2796 inquisitae
672 2711 841 2794 tanquam
868 2702 1018 2773 somnam
1046 2705 1217 2773 minorem.

128 2820 220 2891 Cum
239 2822 335 2892 enim
354 2820 474 2890 formae
493 2819 660 2914 legitimae
679 2821 771 2911 (quac
791 2828 874 2889 sunt
898 2840 1042 2911 semper
1058 2818 1218 2891 converti·

128 2935 217 3005 biles
244 2958 326 3005 cum
354 2937 488 3007 naturis
516 2936 707 3029 inquisitis)
730 2935 867 3007 lateant
892 2936 928 3003 in
954 2935 1145 3027 profundo,
1164 2954 1218 3006 nco

128 3048 233 3119 facila
260 3048 506 3132 inveniantur;
531 3049 690 3142 postulat
715 3071 771 3119 res
801 3057 839 3118 et
866 3047 1056 3120 infirmitas
1086 3048 1219 3120 humani

128 3164 342 3247 intellectus,
360 3174 403 3235 ut
428 3165 548 3235 forma
574 3164 810 3257 particulares,
829 3187 906 3256 quae
932 3175 1017 3235 sunt
1043 3187 1221 3262 congrega·

130 3283 210 3353 tivae
228 3278 483 3376 manipulorum
497 3282 719 3373 quorundam
737 3281 986 3352 instantiarum
1006 3284 1220 3376 (neutiquam

164 3569 444 3626 ⁶⁷1tisdiffimltm
463 3586 509 3641 say
521 3570 592 3623 what
605 3569 657 3624 Bs-
699 3569 741 3624 lor
759 3575 778 3600 ‘⁴
790 3568 913 3634 Forms,'’
933 3567 1009 3624 these
1029 3569 1169 3627 Instanecs
1187 3586 1223 3625 arc

128 3647 482 3718 con’smeaningisintbis
495 3666 613 3718 passage.
698 3658 770 3703 most
799 3648 927 3702 valuable.
978 3646 1003 3702 lt
1037 3649 1071 3715 is,
1104 3650 1224 3712 hasmet

163 3727 189 3767 ⁵⁸
204 3727 374 3781 “collective
393 3727 539 3791 lustances,
557 3727 586 3781 iu
605 3726 657 3780 Ba·
699 3735 806 3798 strange
822 3726 882 3780 that
899 3724 1006 3797 though
1020 3726 1146 3799 Kepler’s
1159 3729 1224 3784 hm

127 3806 203 3860 con’s
227 3805 419 3869 classificstion,
443 3823 487 3859 ara
517 3823 553 3859 nc
582 3804 659 3859 other
698 3804 752 3858 bad
771 3805 838 3860 been
857 3803 1010 3875 publlsbed,
1030 3804 1066 3861 hs
1087 3809 1178 3862 makes
1194 3821 1224 3860 nc

128 3883 193 3938 than
206 3885 312 3954 general
323 3883 398 3947 tacta,
411 3901 441 3937 or
458 3885 523 3938 laus
538 3883 570 3937 oi
584 3901 658 3938 some
698 3884 831 3938 misnense
848 3893 876 3937 to
894 3882 977 3938 them.
1013 3883 1093 3958 'l'hey
1105 3904 1172 3941 wara
1187 3901 1225 3940 cx·

129 3961 224 4032 degree
236 3961 266 4016 ol
281 3961 434 4032 generality,
447 3962 500 4015 and
517 3980 560 4016 are
572 3962 657 4015 them·
698 3963 769 4034 actly
783 3962 854 4016 what
872 3960 906 4016 ha
926 3969 1018 4016 meant
1036 3963 1075 4035 by
1091 3963 1226 4020 Collectivt

129 4040 213 4094 advos
237 4038 282 4093 tbe
306 4041 402 4094 results
426 4039 457 4093 ol
484 4040 658 4095 Induction.”
701 4038 838 4095 Instances
850 4062 859 4105 ;
889 4039 942 4094 aud
972 4041 1130 4098 sstcrwards
1159 4038 1227 4099 sidetl

130 4116 285 4173 Herscbcl's
316 4118 389 4173 Disc.
415 4120 430 4186 §
458 4135 517 4191 ¹94·
567 4119 659 4174 ssacon
700 4118 816 4173 Newtcn
845 4121 873 4174 in
904 4118 945 4173 his
971 4118 1112 4194 discovery
1136 4122 1166 4177 ct
1189 4119 1228 4175 m

130 4214 216 4252 seems
228 4205 256 4250 to
267 4196 346 4250 think
358 4198 378 4251 it
390 4197 462 4268 right
471 4207 498 4252 to
511 4198 658 4269 apologiae,
700 4216 774 4253 more
797 4198 904 4269 general
925 4202 943 4227 “
954 4196 1038 4252 law’'
1060 4200 1092 4254 ol
1114 4198 1227 4255 Gravia

129 4275 183 4331 and
200 4293 260 4347 says
275 4275 332 4330 that
343 4275 406 4347 they
419 4277 561 4331 constitute
574 4282 658 4331 “tau-
700 4278 766 4333 tion.
805 4275 859 4331 But
880 4274 971 4330 Baeon
989 4293 1073 4331 never
1092 4278 1228 4333 illusmm

128 4371 209 4427 quam
222 4355 335 4408 formam
346 4354 504 4410 minorem.¹’
525 4353 595 4409 Han
606 4373 659 4427 any
699 4355 770 4410 from
789 4354 986 4419 Mathematics,
1004 4354 1060 4409 and
1075 4374 1142 4429 very
1152 4355 1230 4426 moly

130 4434 232 4488 Nature
243 4433 272 4487 in
280 4432 323 4486 his
336 4443 435 4504 system
444 4451 493 4488 can
502 4433 569 4487 heve
577 4434 659 4488 lesser
699 4433 769 4488 hom
777 4433 823 4489 the
836 4433 993 4490 dbwvefim
1003 4433 1035 4489 ol
1044 4433 1089 4491 his
1098 4445 1227 4506 compo·

128 4512 182 4567 and
196 4513 282 4584 largcr
295 4510 388 4566 Forma
404 4529 489 4566 seems
505 4510 657 4566 bardtobe
698 4512 787 4568 rarics.

129 4589 301 4646 understood.
339 4590 504 4662 Apartlrom
518 4590 560 4646 bis
574 4590 657 4648 omre
