2708 5226
408 19 1344 481 q

207 563 272 629 206
532 558 706 624 NOVUM
729 555 979 622 ORGANUM.

208 730 370 809 rientem,
387 725 449 796 sed
476 724 542 796 sub
568 723 744 795 contrusio
767 730 896 793 nature
920 720 1108 804 latentem,
1131 726 1169 790 et
1189 719 1291 790 subto

208 849 295 913 tnm.
348 838 441 912 Sunt
464 847 586 910 eutem
609 837 812 929 hujusmodi
831 833 1009 906 instantia
1024 833 1146 927 mugni
1169 833 1292 903 omnino

208 957 392 1037 momenti,
411 957 456 1026 ed
484 955 713 1026 inveniendos
739 953 890 1032 formos,
918 950 1004 1043 quin
1027 951 1122 1022 sicut
1138 949 1295 1022 murinco

208 1076 347 1145 ducunt
377 1071 479 1144 focile
513 1071 558 1143 ed
592 1070 818 1152 differentias,
843 1070 894 1140 ito
923 1065 1149 1139 clandestine
1178 1067 1296 1138 ducunt

209 1190 345 1284 optime
361 1189 406 1260 ed
426 1210 578 1284 genem
605 1188 641 1257 id
665 1196 730 1269 est,
746 1185 792 1256 nd
820 1194 964 1257 notares
990 1183 1071 1256 illos
1096 1204 1296 1264 communes

209 1329 358 1399 querum
375 1312 510 1376 neturae
527 1305 703 1397 inquisite
722 1301 812 1374 nihil
834 1301 933 1374 eliud
954 1311 1041 1375 sunt
1057 1325 1168 1395 quom
1184 1301 1298 1373 limite-

208 1424 334 1495 tiones

260 1537 429 1631 Exempli
445 1539 580 1632 grotio3
606 1538 797 1609 situatum
821 1536 999 1627 inquisite,
1016 1536 1224 1618 consistens,
1239 1535 1299 1606 sive

209 1678 248 1727 se
277 1655 537 1736 determinans3
563 1654 664 1745 cujus
693 1655 909 1725 contrarium
938 1661 996 1726 est
1024 1651 1214 1744 liquidum,
1240 1653 1299 1722 sive

210 1771 332 1842 fluens.
384 1760 571 1841 Ioctooliae
592 1768 813 1842 clandestine
834 1779 918 1842 sunt
943 1770 1022 1855 ille,
1039 1758 1128 1863 quae'
1144 1769 1300 1840 exhibent

209 1887 359 1981 gradum
377 1885 589 1957 nonnullum
607 1886 760 1959 debilem
780 1896 818 1958 et
835 1887 1015 1958 infirmum
1033 1887 1257 1959 consistentis
1270 1888 1300 1956 in

211 2004 342 2086 fluido;
366 2002 479 2075 veluti
507 2002 606 2075 bullo
632 2027 741 2096 oqnoe,
765 2027 842 2097 que
871 2012 926 2075 est
948 2015 1122 2096 tunquam
1149 2003 1301 2098 pelliculo

211 2122 369 2213 quedem
399 2121 603 2204 consistens,
630 2134 669 2192 et
698 2121 943 2206 determinato,
972 2122 1067 2193 fecte
1095 2144 1143 2193 ex
1169 2142 1300 2214 corpore

208 2262 319 2331 equae.
371 2236 544 2310 Similiter
568 2237 756 2321 stillicidio,
773 2261 861 2330 quoe,
882 2240 911 2309 si
935 2239 1094 2310 adfuerit
1118 2259 1301 2333 equoque

210 2357 387 2439 succedet,
412 2356 613 2450 producunt
638 2378 677 2426 se
706 2356 743 2426 in
774 2355 874 2426 filum
904 2356 1099 2427 admodum
1126 2367 1245 2440 tenue,
1265 2377 1301 2426 no

211 2473 494 2544 discontinuetur
515 2495 626 2564 nqun3
653 2480 690 2542 ot
713 2474 741 2543 si
765 2496 834 2543 non
859 2472 964 2542 detur
985 2471 1068 2543 telis
1085 2474 1191 2567 copie
1206 2495 1301 2566 oque,

211 2613 288 2682 qnae
306 2589 497 2661 succedere
516 2590 633 2680 possit,
648 2589 743 2660 cedit
759 2612 851 2682 eque
869 2590 904 2659 in
922 2591 1034 2684 guttis
1051 2592 1303 2684 rotundisque

211 2716 266 2775 est
289 2704 413 2799 figura,
432 2728 509 2797 quae
532 2707 666 2798 optime
693 2728 820 2798 aquam
849 2707 1002 2778 sustinet
1027 2717 1155 2779 contro
1181 2709 1304 2779 discon-

211 2822 446 2892 tinuotionem
457 2818 496 2892 ⁵⁶.
548 2821 602 2891 At
622 2824 658 2893 in
683 2823 758 2915 ipso
782 2824 950 2915 temporis
973 2824 1136 2906 articulo,
1156 2848 1236 2896 cum
1252 2824 1303 2894 de

210 2939 295 3007 sinit
315 2937 415 3007 filum
439 2963 553 3032 equae,
572 2949 610 3010 et
636 2940 759 3032 incipit
785 2941 974 3012 descensus
999 2941 1036 3011 in
1062 2943 1188 3035 guttis,
1205 2940 1304 3014 resilit

211 3056 285 3147 ipse
323 3077 415 3146 eque
453 3078 591 3126 sursum
626 3055 670 3126 od
706 3057 908 3128 evitandam
941 3058 1304 3131 discontinuetionent.

212 3171 307 3255 Quin
337 3172 373 3242 in
401 3172 564 3256 metallis,
592 3197 672 3266 quae
699 3197 808 3266 quum
836 3174 1036 3244 funduntur
1060 3185 1147 3254 sunt
1173 3175 1305 3270 liquido

211 3289 270 3361 sed
297 3291 409 3384 magis
433 3292 580 3372 tenacia,
600 3293 776 3385 recipiunt
800 3314 838 3364 se
864 3315 955 3384 saepe
977 3300 1090 3386 guttae
1116 3293 1306 3386 liquefnote

211 3428 361 3490 sursum,
393 3416 501 3499 etque
536 3409 587 3478 ita
621 3408 771 3479 haerent.
824 3408 950 3480 Simile
984 3409 1157 3500 quiddam
1191 3420 1246 3483 est
1276 3410 1306 3480 in

211 3523 380 3594 instantia
402 3524 624 3617 speculorum
642 3522 843 3616 puerilium,
861 3548 939 3617 quae
962 3523 1078 3596 solent
1096 3527 1215 3600 fecere
1232 3549 1309 3621 pue·

212 3641 279 3710 ruli
308 3642 344 3711 in
375 3642 496 3734 scirpis
521 3665 567 3712 ex
597 3640 715 3726 soliva,
738 3643 800 3713 ubi
828 3644 984 3713 cernitur
1010 3643 1120 3714 etiem
1150 3642 1309 3737 pelliculo

212 3760 406 3828 consistens
435 3781 544 3850 oquae.
596 3758 650 3830 At
680 3759 795 3830 multo
825 3759 953 3830 melius
987 3783 1024 3830 se
1059 3763 1222 3833 ostendit
1248 3761 1308 3833 hoc

213 3873 328 3965 ipsum
359 3873 394 3942 in
422 3874 536 3947 eltero
566 3877 629 3947 illo
658 3877 793 3949 ludicro
824 3878 971 3971 puerili3
998 3880 1142 3971 quando
1172 3881 1309 3974 copiunt

212 4011 352 4080 equam,
378 4013 442 4081 per
467 4015 634 4086 saponem
663 3995 792 4066 foetam
823 3995 928 4088 peulo
955 3997 1185 4082 tenaciorem,
1210 4007 1310 4092 atque

214 4103 339 4177 inflent
366 4129 444 4178 eam
471 4133 534 4202 per
559 4111 733 4182 calamum
763 4135 898 4195 cavum,
916 4123 1025 4204 etque
1050 4114 1136 4184 indo
1162 4116 1311 4187 forment

213 4244 353 4313 equom,
368 4234 537 4318 tanquam
554 4228 591 4298 in
609 4229 794 4300 castellum
808 4229 1004 4314 bullemm3
1031 4253 1110 4322 quae
1127 4255 1193 4325 per
1210 4234 1312 4304 inter·

213 4339 426 4432 positionem
450 4344 538 4415 acris
562 4345 700 4417 inducit
723 4348 999 4430 consistentiam,
1017 4370 1061 4419 eo
1084 4370 1199 4443 usque
1217 4365 1258 4422 ut
1278 4372 1312 4421 se

211 4607 234 4660 Γ
249 4526 277 4619 ⁶⁶.
287 4528 418 4634 (ipmptre
439 4530 484 4587 the
505 4531 553 4604 5th
574 4533 640 4588 kind
658 4535 689 4589 of
704 4535 820 4601 Motion,
845 4536 906 4593 inlr.
927 4537 965 4593 11.
975 4538 1018 4605 48,
1031 4544 1050 4569 “
1060 4538 1157 4596 Motus
1181 4542 1312 4596 mesu·

223 4624 298 4661 mou.
