2708 5226
426 543 656 629 n1n.1.119.
1025 547 1089 610 115

103 731 146 779 ua
172 730 255 793 res;
280 708 397 802 primo
423 709 517 782 leves
542 719 580 781 et
604 709 768 805 vulgatae,
788 709 917 782 deiude
941 711 1030 783 viles
1053 720 1093 784 et

103 823 187 907 ales,
201 832 383 916 postremo
395 826 501 896 nimis
519 826 668 898 subtiles
683 849 726 898 ac
739 848 839 897 mere
857 827 1091 919 speculative,

103 940 138 1010 lsi
155 937 294 1010 nullius
311 961 415 1010 usus:
432 942 528 1033 quod
546 965 659 1036 genus
676 964 796 1013 rerum
813 941 999 1012 hominum
1017 951 1092 1014 stu-

103 1063 224 1126 ertere
242 1062 281 1124 et
295 1054 450 1127 alienare
467 1059 588 1150 possit.

103 1194 160 1264 [ne
187 1170 235 1241 de
262 1171 340 1242 istis
367 1173 481 1254 rebus,
506 1197 588 1266 quae
615 1173 783 1244 videntur
807 1172 976 1266 vulgatae,
1000 1172 1089 1244 illud

103 1309 148 1358 res
174 1287 359 1380 cogitent3
394 1288 508 1360 solere
534 1312 618 1360 sane
643 1312 704 1359 eos
731 1288 850 1360 adhuc
874 1287 964 1358 nihil
992 1287 1089 1360 uliud

122 1425 235 1496 quam
258 1411 300 1472 nt
326 1425 562 1496 eorumquae
590 1428 668 1475 rara
695 1413 790 1487 sunt,
814 1426 936 1476 causas
963 1404 1008 1475 ad
1035 1427 1089 1488 ea,

103 1527 289 1610 requenter
304 1517 406 1601 flunt,
422 1520 579 1592 referant
596 1529 635 1591 et
652 1521 946 1591 accommodent:
973 1529 1012 1591 at
1036 1522 1090 1614 ip·

104 1687 115 1718 ‚
142 1658 221 1727 quae
247 1635 453 1727 frequenter
478 1638 659 1718 eveniunt,
687 1635 803 1708 nullas
828 1659 949 1708 causas
973 1638 1090 1730 inqui-

103 1750 164 1822 sed
189 1773 233 1821 ea
259 1750 335 1843 ipsa
361 1753 534 1846 recipiant
564 1761 734 1845 tanquam
762 1775 932 1851 concessu
961 1761 1000 1823 et
1028 1753 1089 1824 ad-

103 1863 123 1908 u

103 2005 168 2074 pue
192 2003 263 2051 non
289 1982 465 2075 ponderis,
483 2006 555 2053 non
578 1985 765 2055 rotationis
788 1982 997 2064 eoelestium,
1014 2006 1086 2055 non

103 2121 121 2179 ι,
139 2118 211 2166 non
229 2096 377 2191 frigoris,
395 2121 466 2167 non
490 2098 645 2180 luminis,
663 2122 735 2170 non
757 2101 845 2182 duri,
863 2123 935 2169 non
958 2098 1086 2182 mollis,

103 2212 213 2292 enuis,
240 2234 311 2282 non
340 2212 452 2296 densi,
481 2236 550 2283 non
582 2213 717 2306 liquidi,
745 2239 818 2286 non
849 2216 1086 2296 consistentis,

103 2329 242 2409 ‚nimati
268 2351 341 2399 non
369 2331 565 2411 inanimati,
591 2353 663 2400 non
690 2331 863 2413 similaris,
890 2353 961 2401 non
989 2331 1088 2402 dissi-

103 2466 126 2527 s,
146 2466 212 2514 nec
234 2443 380 2514 demum
398 2446 554 2538 organici
573 2467 695 2514 causas
712 2453 895 2536 quaerunt3
922 2444 995 2528 sed,
1014 2443 1085 2515 illis

103 2582 155 2630 nm
173 2581 237 2652 pro
254 2558 479 2630 evidentibus
496 2567 534 2629 et
551 2559 748 2631 manifestis
771 2562 935 2652 receptis,
953 2560 999 2630 de
1017 2583 1084 2630 oae-

103 2674 212 2758 rebus,
231 2697 307 2767 quae
330 2696 400 2744 non
419 2682 494 2745 tam
512 2675 718 2766 frequenter
734 2683 772 2746 et
790 2675 1011 2747 familiariter
1027 2700 1086 2748 oc-

103 2798 144 2876 rt,
161 2790 343 2882 disputant
360 2798 398 2860 et
408 2790 583 2882 judicant.

103 2927 218 2986 tvero,
236 2907 296 2997 qui
316 2906 401 2976 satis
420 2907 559 2988 scimus,
577 2904 716 2975 nullum
733 2905 780 2977 de
797 2906 902 2977 rebus
919 2908 1004 2976 raris
1020 2914 1085 2977 aut

103 3022 200 3093 libus
210 3022 389 3113 judicium
407 3022 482 3092 fieri
501 3044 612 3114 posse,
630 3022 745 3091 multo
763 3024 881 3092 minus
902 3044 956 3094 res
977 3045 1084 3093 novas

103 3160 166 3210 em
192 3137 359 3228 protrahi,
384 3136 518 3228 absque
541 3136 739 3230 vulgarium
765 3160 883 3208 rerum
906 3139 1030 3220 causis,
1046 3146 1085 3209 et

103 3276 166 3323 um
183 3253 298 3322 causis
318 3253 385 3323 rite
403 3252 617 3321 examinatis
634 3261 673 3322 et
689 3253 859 3344 repertis;
885 3253 1082 3323 necessario

103 3365 383 3459 lvulgarissimas
409 3366 446 3436 in
472 3365 655 3435 historiam
681 3375 839 3435 nostram
865 3365 1082 3458 recipiendas

103 3483 240 3553 ullimur.
291 3481 501 3564 Quinetiam
527 3480 578 3550 nil
604 3483 719 3573 magis
743 3479 972 3573 philosophiae
997 3479 1083 3550 offe-

104 3597 389 3691 eprehendimus,
397 3619 504 3688 quam
515 3597 610 3687 quod
623 3619 688 3677 res,
698 3619 777 3687 quac
787 3594 978 3665 familiares
987 3604 1080 3678 sunt,

103 3721 259 3806 ouenter
291 3720 491 3793 occurrunt,
523 3710 862 3803 contemplationem
895 3709 1080 3781 hominum

103 3838 263 3900 iurentur
278 3837 316 3900 et
333 3828 525 3909 detineant,
551 3827 614 3897 sed
638 3828 854 3919 recipiantur
876 3827 1001 3910 obiter,
1019 3851 1081 3898 ne-

103 3968 190 4016 trum
207 3966 319 4015 causac
336 3946 443 4036 quaeri
467 3942 623 4014 soleant:
651 3950 692 4013 ut
716 3966 789 4013 uon
815 3945 939 4037 saepius
963 3945 1080 4036 requi-

105 4061 308 4132 informatio
342 4060 386 4129 de
417 4058 523 4129 rebus
554 4059 697 4153 ignotis,
723 4081 831 4150 quam
859 4058 1012 4130 attentio
1042 4060 1079 4130 in

103 4358 155 4396 rere
184 4340 208 4394 is
235 4350 309 4413 great
337 4341 450 4397 windom
479 4343 508 4396 in
548 4351 577 4398 to
600 4340 726 4414 ordinary
745 4340 790 4397 life
810 4347 872 4397 “nt
896 4341 1002 4397 dotetur
1025 4343 1079 4398 viu

103 4420 158 4492 ling
175 4421 344 4474 attentionto
356 4426 376 4451 “
383 4438 507 4475 common
547 4422 666 4476 humanu
688 4420 765 4476 noris
785 4420 898 4477 inventis
919 4429 947 4475 ct
965 4421 1078 4492 copiia.'’

140 4496 507 4568 ltioaportolBacon’s
548 4499 629 4554 1.81.

103 4592 125 4630 u
144 4574 223 4629 melre
242 4574 406 4647 Philosophy
419 4577 508 4632 uselul

595 4672 648 4720 12
