2708 5226
539 567 627 634 LIB.
645 568 675 633 I.
693 568 743 632 82.
1157 570 1200 636 78

103 735 146 807 lla
171 743 276 807 recte
303 733 424 828 posita
446 733 606 816 fuissent
628 734 723 804 viam
751 740 871 803 tamen
898 732 964 803 sibi
991 729 1202 826 delegerunt

103 852 234 922 »mnino
261 871 451 922 erroneam
477 858 515 919 et
541 851 761 943 imperviam.
816 848 921 933 Quod
945 856 1090 942 stupore
1113 870 1201 941 quo-

103 967 169 1038 lam
194 967 361 1037 animum
389 965 456 1036 rite
481 987 556 1036 rem
582 967 763 1057 reputanti
792 964 1023 1059 perculserit;
1048 988 1120 1035 non
1138 965 1202 1035 ulli

103 1083 300 1157 nortalium
317 1104 411 1153 curae
427 1091 490 1153 aut
508 1082 604 1152 cordi
623 1081 741 1165 fuisse,
760 1092 802 1152 ut
825 1080 1025 1153 intellectui
1048 1080 1204 1152 humano

103 1198 135 1271 ab
158 1201 239 1293 ipso
266 1219 375 1270 sensu
400 1207 438 1268 et
461 1199 682 1291 experientia
701 1199 863 1270 ordinata
887 1207 926 1268 et
947 1197 1039 1268 bene
1061 1197 1206 1269 condita

103 1316 148 1385 via
162 1312 367 1408 aperiretur
382 1321 420 1382 et
438 1315 660 1398 muniretur;
686 1314 748 1384 sed
766 1314 885 1385 omnia
898 1312 953 1384 vel
972 1313 1203 1384 traditionum

103 1430 249 1526 aligini,
281 1428 340 1500 vel
375 1438 663 1524 argumentorum
702 1431 866 1525 vertigini
901 1440 939 1501 et
974 1430 1117 1512 turbini,
1148 1429 1204 1501 vel

103 1568 195 1618 ausus
211 1555 253 1618 et
269 1546 499 1638 experientiae
517 1569 613 1641 vagoe
636 1555 675 1616 et
696 1547 888 1617 incondite
909 1547 1013 1617 undis
1031 1555 1068 1615 et
1085 1546 1206 1616 amba·

103 1663 209 1757 gibus,
240 1662 413 1755 permissa
442 1684 530 1733 esse.
586 1660 711 1755 Atque
743 1664 880 1756 cogitet
911 1665 990 1756 quis
1018 1662 1134 1734 sobrie
1167 1672 1206 1735 et

103 1779 300 1874 diligenter,
327 1777 440 1870 qualis
470 1778 517 1848 sit
543 1800 587 1850 ea
615 1779 681 1861 via,
710 1801 818 1871 quam
845 1782 882 1849 in
912 1780 1141 1872 inquisitione
1167 1788 1206 1850 ct

103 1894 305 1966 inventione
322 1892 471 1986 alicujus
493 1895 543 1963 rei
570 1893 731 1966 homines
747 1895 917 1967 adhibere
934 1905 1205 1967 consueverunt.

103 2009 147 2081 Et
162 2011 282 2104 primo
299 2010 439 2082 notabit
462 2009 694 2103 proculdubio
720 2012 923 2084 inveniendi
948 2013 1095 2083 modum
1121 2013 1205 2082 sim-

103 2125 229 2220 plicem
264 2135 305 2196 et
338 2127 614 2211 inartificiosum,
641 2127 702 2220 qui
733 2128 935 2200 hominibus
964 2130 1121 2201 maxime
1152 2138 1207 2199 est

103 2236 327 2314 familiarium.
379 2241 451 2313 Hic
474 2251 596 2314 autem
619 2266 691 2314 non
714 2245 803 2315 alius
821 2254 885 2329 est,
905 2268 1011 2339 quam
1029 2255 1071 2316 ut
1087 2246 1128 2328 is,
1145 2247 1206 2338 qui

103 2381 136 2430 se
152 2360 200 2431 ad
217 2359 475 2430 inveniendum
497 2360 630 2452 aliquid
656 2370 839 2453 comparat
856 2371 893 2431 et
910 2362 1074 2455 accingit,
1093 2361 1208 2454 primo

103 2498 176 2568 quae
190 2475 239 2546 ab
251 2473 330 2546 eliis
343 2476 436 2546 circa
451 2474 512 2546 illa
529 2477 714 2548 dictasint
731 2477 889 2569 inquirat
906 2487 943 2548 et
961 2477 1121 2562 evolvat3
1148 2479 1209 2548 de-

103 2593 184 2664 iude
210 2592 390 2686 propriam
416 2593 686 2665 meditationem
712 2593 832 2678 addat,
855 2603 965 2687 atque
990 2617 1054 2688 per
1078 2598 1209 2666 mentis

103 2709 256 2781 multam
274 2709 515 2803 agitationem,
526 2709 690 2803 spiritum
709 2732 811 2780 suum
831 2713 1010 2805 proprium
1029 2711 1210 2797 sollicitet,

105 2836 141 2896 et
157 2825 262 2918 quasi
278 2826 433 2907 invocet,
452 2833 493 2893 ut
518 2823 583 2893 sibi
610 2825 753 2897 oracula
778 2827 928 2920 pandat:
955 2851 1032 2919 quoe
1057 2851 1112 2899 res
1134 2850 1212 2899 om-

106 2944 190 3014 nino
217 2943 296 3014 siue
323 2941 555 3012 fundamento
585 2952 651 3026 est,
679 2953 717 3015 et
747 2945 782 3014 in
814 2946 1039 3040 opinionibus
1069 2955 1209 3015 tantum

108 3059 272 3132 volvitur.

156 3175 213 3246 At
233 3173 324 3245 nlius
346 3174 520 3268 quispiam
544 3175 799 3247 dialecticam⁷¹
817 3179 860 3248 ad
879 3180 1132 3251 inveniendum
1151 3178 1213 3247 ad-

108 3300 222 3373 vocet,
249 3314 328 3383 quae
356 3292 500 3363 nomine
531 3301 634 3363 tenus
665 3301 803 3362 tantum
834 3294 878 3363 ad
908 3294 944 3363 id
971 3295 1066 3386 quod
1095 3295 1214 3387 agitur

107 3410 276 3505 pertinet.
329 3406 496 3479 Iuventio
513 3409 608 3480 enim
629 3407 823 3479 dialecticae
849 3432 921 3478 non
945 3419 1000 3479 est
1026 3410 1212 3502 principio·

108 3549 187 3597 rum
206 3534 245 3596 et
262 3524 480 3595 axiomatum
505 3524 772 3616 praecipuorum,
790 3547 837 3594 ex
858 3524 987 3616 quibus
1012 3535 1105 3597 artes
1131 3549 1215 3596 con·

107 3652 216 3724 stant,
234 3641 296 3712 sed
320 3663 442 3712 eorum
467 3649 620 3719 tantum,
639 3661 716 3730 quae
743 3638 812 3710 illis
838 3650 1075 3712 consentanea
1094 3641 1216 3713 viden·

109 3769 179 3830 tur.
231 3756 430 3829 Dialectica
446 3756 541 3827 enim
559 3755 672 3850 magis
689 3757 844 3827 curiosos
866 3766 903 3828 et
926 3759 1157 3850 importunos,
1175 3769 1214 3832 et

110 3876 174 3947 sibi
211 3874 397 3968 negotium
431 3874 654 3950 lacessentes,
684 3894 834 3964 eamque
868 3874 1134 3967 interpellantes
1169 3877 1214 3947 de

110 3990 379 4087 probationibus
401 3998 439 4060 et
461 3988 725 4061 inventionibus
746 3990 1008 4084 principiorum,
1026 3993 1099 4064 sive
1116 3994 1215 4064 axio·

146 4281 172 4322 ⁷⁰
183 4283 226 4351 (r)
233 4280 301 4336 This
308 4297 381 4336 error
388 4281 417 4335 in
424 4279 568 4335 themsens
576 4278 643 4334 used
683 4279 842 4351 vestigatiou
853 4281 884 4336 ol
893 4282 939 4338 the
950 4284 1073 4355 opinions
1085 4282 1115 4338 ol
1125 4282 1215 4337 others

113 4361 152 4417 lor
158 4361 299 4432 mscovery
305 4359 643 4430 oi'lbuth,isthetrusting
684 4375 738 4412 vves
749 4377 801 4414 one
812 4359 881 4415 lorru
893 4360 924 4416 ol
934 4361 1086 4417 Induction.

114 4438 324 4503 toAutborities,
332 4438 421 4493 rather
429 4438 495 4493 than
504 4439 645 4510 appealing
720 4435 743 4476 ⁷¹
758 4437 798 4505 (a)
810 4438 957 4495 'Ibissnur
968 4438 1215 4512 isuttcrlyvicious.

114 4527 142 4574 to
161 4520 238 4576 laem.
277 4517 319 4573 of
336 4517 390 4572 this
409 4518 536 4572 Aristode
554 4534 646 4572 vasa
687 4515 829 4572 Dialectics
846 4517 872 4571 in
891 4518 1049 4574 themselves
1067 4535 1116 4572 cau
1136 4532 1217 4570 never

115 4598 220 4655 notable
231 4599 360 4653 instance.
391 4595 469 4651 with
478 4595 536 4651 him
548 4596 593 4651 the
605 4596 646 4650 in·
687 4595 721 4650 be
729 4596 760 4651 ol
769 4595 814 4650 the
826 4596 952 4667 sligbtest
964 4614 1012 4651 use
1023 4598 1050 4650 iu
1062 4595 1216 4663 Discovery.
