2708 5226
393 557 481 624 nm.
500 559 528 625 1.
545 559 596 623 88.
974 647 982 679 Ι
1004 559 1049 623 83

103 746 129 794 a
154 721 348 806 familiaris,
366 732 408 794 ut
429 725 466 794 in
489 722 650 815 quolibet
674 730 752 794 arte
777 729 940 794 auctores
965 724 1052 795 artis

103 838 290 911 rmitatem
322 841 361 910 in
394 849 530 911 naturus
563 839 778 911 calumniam
807 848 972 924 vertant3
1010 849 1050 913 et

103 981 109 1026 ι
127 956 287 1049 ipsorum
309 979 380 1027 non
403 958 612 1048 assequitur,
629 956 665 1025 id
685 979 730 1025 ex
748 956 873 1026 eedem
890 966 968 1028 arte
984 957 1050 1027 im·

103 1107 105 1136 t
122 1073 162 1143 in
182 1082 308 1144 natura
325 1075 571 1165 pronunciant.
625 1072 757 1165 Neque
774 1081 872 1143 eerte
887 1073 1049 1144 damnari

103 1213 160 1272 us,
188 1190 217 1260 si
248 1191 323 1282 ipsa
345 1190 496 1281 judicet
560 1189 679 1260 Etiam
710 1188 943 1283 philosophia,
966 1214 1050 1282 quae

107 1306 274 1377 manibus
290 1314 356 1388 est,
372 1307 410 1376 in
430 1306 509 1376 sinu
534 1329 598 1377 suo
622 1307 737 1399 posita
755 1306 919 1398 quedem
939 1307 1051 1390 fovet,

102 1424 165 1504 its,
183 1422 310 1514 quibus
330 1423 376 1512 (si
393 1422 599 1516 diligentius
615 1423 829 1515 inquiratur)
849 1422 918 1492 hoc
936 1422 1053 1492 homi-

103 1540 210 1610 unino
234 1540 438 1633 persuaderi
456 1539 601 1621 volunt;
627 1539 678 1609 nil
694 1539 742 1610 ab
759 1550 845 1620 arte,
863 1538 921 1611 vel
937 1539 1054 1610 horni-

103 1679 132 1740 e,
150 1656 311 1736 arduum,
329 1665 392 1725 aut
418 1657 455 1725 in
479 1664 643 1726 naturam
668 1657 895 1748 imperiosum
913 1665 951 1726 et
966 1655 1053 1726 rali-

104 1774 238 1867 pectori
258 1773 409 1851 debere3
435 1782 476 1842 ut
499 1774 544 1842 de
569 1771 800 1865 heterogenia
821 1772 947 1844 coloris
966 1774 1052 1844 astri

103 1944 109 1972 ,
135 1899 176 1961 et
200 1891 378 1972 mistione,
403 1887 604 1982 superius⁹²
626 1889 765 1959 dictum
791 1898 856 1961 est.
904 1889 997 1974 Quae
1023 1893 1053 1962 si

103 2031 117 2077 r
137 2009 348 2089 accuratius,
365 2009 513 2078 omnino
538 2009 720 2100 pertinent
741 2008 788 2077 sd
809 2007 973 2078 humnuae
990 2030 1053 2102 po-

106 2126 471 2217 cireumscriptiouem
496 2123 722 2203 malitiosam,
740 2132 779 2193 et
799 2124 846 2194 ad
868 2126 1052 2215 quesitam

103 2242 227 2312 ciosum
246 2241 542 2334 desperationem,
558 2263 638 2331 que
663 2262 734 2309 non
759 2239 873 2309 solum
894 2241 970 2332 spei
991 2262 1053 2310 an-

103 2357 202 2438 ubet,
230 2359 292 2427 sed
322 2359 431 2427 etism
460 2379 584 2428 omnes
613 2355 797 2424 industrie
824 2354 986 2424 stimulos
1011 2365 1052 2425 et

103 2476 232 2558 ncidat,
249 2484 358 2567 atque
381 2476 493 2567 ipsius
513 2473 749 2565 experientiae
770 2469 866 2542 aleos
882 2471 1049 2563 abjiciet3

110 2594 178 2664 lroc
197 2603 344 2663 tantum-
355 2590 497 2664 solliciti
515 2593 597 2674 sint,
615 2600 658 2660 ut
672 2613 730 2660 ars
746 2612 870 2659 eorum
892 2589 1053 2682 perfecta

103 2733 153 2794 rr;
193 2709 312 2803 glorie
342 2711 537 2779 vanissime
573 2718 610 2779 et
643 2709 890 2801 perditissime
924 2707 1051 2779 dantes

118 2826 258 2897 scilicet
280 2838 321 2897 ut
343 2827 512 2918 quicquid
538 2826 655 2895 adhuc
681 2827 867 2896 inventurn
892 2834 931 2896 et
953 2847 1052 2896 eom-

103 2967 160 3014 um
179 2967 249 3013 non
266 2945 322 3026 sit,
337 2944 372 3012 id
390 2944 535 3013 omnino
551 2965 619 3013 nee
637 2944 799 3026 inveniri,
812 2965 880 3014 nec
892 2965 1052 3037 compre-

103 3083 184 3131 osse
211 3064 248 3130 in
277 3060 437 3129 futurum
466 3060 641 3130 credatur.
703 3057 758 3129 At
784 3061 814 3130 si
840 3062 919 3152 quis
945 3062 1052 3133 nebus

103 3201 142 3258 te,
157 3187 194 3247 et
208 3201 340 3247 novum
358 3176 490 3268 aliquid
510 3178 665 3268 reperire
680 3185 843 3259 conetur,
855 3175 917 3246 ille
930 3187 1051 3247 tamen

118 3295 187 3365 sibi
213 3305 385 3387 proponet
411 3302 450 3364 et
475 3293 669 3362 destinabit
692 3314 803 3360 unum
830 3291 974 3383 aliquod
996 3294 1052 3362 iu-

115 3413 199 3498 (nec
219 3410 328 3500 ultra)
348 3408 557 3501 perscrutari
583 3417 621 3478 et
645 3428 789 3488 eruere;
814 3417 858 3476 ut
875 3411 1052 3500 magnetis

103 3551 120 3607 ι,
152 3527 257 3595 muris
287 3525 424 3594 fluxum
455 3530 494 3591 et
524 3521 710 3604 refluxum,
741 3521 863 3593 theme
892 3523 984 3606 coeli,
1011 3534 1051 3596 et

103 3643 163 3724 idi,
193 3665 270 3732 quae
304 3640 430 3711 secreti
465 3637 598 3729 aliquid
633 3638 765 3709 habere
802 3638 978 3723 videntur,
1012 3651 1051 3713 et

103 3781 119 3826 s
144 3779 267 3849 perum
294 3755 447 3827 feliciter
472 3762 623 3824 tractata
649 3756 740 3824 sint:
771 3778 880 3846 quum
902 3779 1049 3828 summae

103 3874 214 3954 critiae,
233 3874 282 3941 rei
307 3870 454 3962 alicujus
481 3880 643 3941 naturam
669 3871 706 3939 in
732 3893 770 3942 se
793 3871 869 3964 ipsa
891 3895 1050 3964 perscru-

103 3989 386 4081 quandoquidem
408 3987 532 4057 eadem
554 3997 688 4070 natura,
707 4010 784 4079 quae
803 3989 839 4057 in
856 3987 935 4061 aliis
953 3990 1050 4063 vide·

775 4156 792 4190 z)

103 4219 157 4271 upr.
172 4201 193 4255 Ι.
205 4215 248 4273 75.
517 4199 549 4253 ol
563 4200 598 4253 all
614 4199 755 4254 one-rided
767 4202 865 4268 ἠως
883 4203 914 4257 cl
923 4205 1049 4275 ὠμῇ.

103 4297 254 4334 rarrowuess
266 4279 297 4333 ol
305 4278 380 4334 mind
389 4277 475 4332 which
518 4279 637 4349 nuship.
675 4278 788 4334 ltoften
801 4282 876 4352 give·
887 4283 1049 4352 vigourarffl

105 4369 133 4412 to
145 4359 302 4427 investigate
313 4376 364 4412 one
373 4358 476 4428 subject
517 4359 609 4428 point3
628 4359 686 4429 just
703 4375 732 4412 rr
751 4376 825 4413 some
843 4369 951 4431 mange
968 4362 1049 4416 rim

115 4446 165 4491 not
181 4438 296 4507 peculiar
310 4447 338 4490 to
351 4437 457 4507 physice
465 4458 475 4501 ;
516 4438 578 4507 gain
597 4439 688 4509 plenty
705 4437 736 4491 oi
750 4440 904 4510 proselytos,
917 4440 953 4510 by
967 4439 1049 4509 being

107 4517 137 4570 in
150 4515 271 4587 History,
283 4514 398 4578 Politice.
412 4515 474 4569 Mo-
515 4516 647 4587 umestly
665 4514 719 4570 and
740 4518 873 4589 roeloust
890 4517 1048 4587 supported,

103 4595 201 4666 rrsally.
240 4595 265 4648 lt
280 4595 303 4647 is
319 4594 364 4648 the
382 4604 474 4664 parent
515 4593 628 4649 without
646 4594 839 4650 consideration
858 4596 890 4650 of
902 4612 957 4666 roy
968 4596 1047 4649 oolla·

556 4706 622 4754 (12
