2708 5226
197 592 262 654 144
524 587 698 652 NOVUM
728 586 974 652 ORGANUM.

197 751 334 824 buath
345 776 526 849 processus
543 762 580 824 et
598 754 729 824 formae.
782 752 978 825 Versamur
998 753 1097 822 enim
1117 750 1223 844 plane
1238 750 1294 820 ad·

198 869 269 939 huc
286 870 322 940 in
340 870 438 940 atriis
451 878 596 952 uaturae,
607 892 723 962 neque
735 869 781 939 ad
795 869 962 939 interiora
975 889 1140 960 paramus
1152 866 1294 936 aditum.

197 985 252 1056 At
273 1007 380 1055 nemo
405 1008 533 1078 corpus
556 987 681 1057 datum
704 1008 796 1056 nova
815 994 941 1055 natura
958 984 1093 1066 dotare,
1111 983 1168 1054 vel
1187 984 1225 1052 in
1240 1005 1297 1051 no-

198 1123 283 1170 vum
310 1123 436 1193 corpus
466 1099 618 1172 feliciter
647 1110 685 1171 et
716 1101 877 1193 apposite
906 1111 1144 1171 transmutare
1174 1106 1296 1190 potest.

198 1218 265 1289 nisi
290 1217 444 1309 corporis
467 1214 640 1287 alterandi
665 1225 729 1285 aut
749 1215 1020 1286 transformandi
1045 1215 1176 1285 bonam
1194 1212 1298 1282 habu·

198 1335 267 1404 erit
285 1333 462 1404 notitiam.
513 1329 558 1400 In
580 1331 705 1401 modos
728 1333 825 1402 enim
844 1354 951 1402 vanos
970 1332 1138 1413 incurret,
1156 1339 1221 1399 aut
1239 1328 1299 1399 sal-

198 1459 274 1520 tem
300 1446 460 1522 difficiles
485 1457 524 1518 et
549 1469 741 1539 perversos,
759 1470 826 1518 nec
852 1471 915 1539 pro
937 1448 1092 1540 corporis
1113 1456 1250 1527 natura,
1266 1446 1297 1513 in

199 1564 295 1655 quod
326 1572 502 1656 operatur.
554 1560 684 1654 Itaque
713 1563 757 1633 ad
788 1564 856 1633 hoc
887 1564 997 1634 etiam
1027 1563 1085 1632 via
1114 1561 1222 1654 plane
1250 1569 1299 1632 est

199 1679 388 1773 aperienda
404 1689 442 1751 et
459 1679 660 1750 munienda.

250 1794 375 1886 Atque
406 1795 443 1864 in
470 1795 649 1865 anatomia
678 1816 863 1886 corporum
895 1795 1143 1889 organicorum
1173 1791 1299 1885 (qualia

199 1921 283 1984 suut
299 1911 463 1993 hominis,
483 1919 522 1981 et
537 1910 760 2003 animalium)
773 1933 881 2003 opera
896 1934 980 1982 sane
998 1919 1095 1981 recte
1113 1915 1152 1981 et
1170 1909 1300 1979 utiliter

199 2028 400 2110 insumitur,
418 2035 458 2097 et
474 2027 616 2096 videtur
638 2049 693 2097 res
717 2027 866 2111 subtilis,
884 2037 922 2098 et
942 2027 1153 2098 scrutinium
1171 2036 1300 2097 natura

200 2141 345 2213 bonum.
396 2140 452 2214 At
481 2142 550 2212 hoc
579 2164 693 2236 genus
725 2143 913 2213 anatomiae
946 2141 1141 2234 spectabile
1172 2151 1237 2224 est,
1266 2148 1301 2210 et

200 2258 318 2329 sensui
348 2257 559 2348 subjectum,
587 2267 626 2327 et
655 2259 692 2327 in
727 2259 930 2351 corporibus
960 2267 1100 2328 tantum
1131 2257 1299 2352 organicis

200 2372 319 2444 locum
336 2373 456 2444 habet.
508 2372 648 2445 Vemm
665 2372 733 2444 hoc
753 2375 870 2466 ipsum
887 2374 1031 2444 obvium
1051 2374 1224 2464 quiddam
1241 2381 1298 2452 est,

201 2497 240 2560 et
267 2491 303 2558 in
330 2499 497 2581 promptu
523 2489 643 2571 situm,
670 2511 741 2580 prae
766 2490 944 2559 anatomia
967 2512 1050 2560 vcra
1074 2486 1300 2559 schematum·

200 2600 337 2673 humatis
347 2605 383 2673 in
396 2604 608 2695 corporibus,
620 2627 698 2694 quae
709 2603 885 2674 habentur
895 2627 957 2696 pro
968 2604 1201 2688 similaribus;
1220 2628 1299 2697 pre-

201 2720 322 2789 sertim
346 2720 382 2788 in
407 2719 512 2790 rebus
529 2720 749 2810 specificatis,
767 2732 806 2790 et
823 2743 944 2789 earum
961 2720 1130 2812 partibus,
1149 2729 1191 2790 ut
1209 2721 1299 2802 ferri,

202 2833 349 2927 lapidis3
375 2843 413 2906 et
430 2834 588 2927 partibus
614 2834 826 2905 similarihus
843 2834 982 2926 plantae,
1001 2835 1174 2919 animalis,
1193 2835 1297 2905 veluti

201 2951 337 3031 radicis,
369 2949 457 3033 folii,
488 2948 592 3029 floris,
623 2952 746 3032 carnis,
778 2952 968 3044 sauguinis,
1000 2953 1096 3034 ossis,
1128 2951 1195 3022 &a
1251 2949 1299 3019 At

201 3067 311 3138 etiam
328 3067 364 3136 in
382 3066 450 3136 hoc
467 3087 597 3159 genere
618 3088 689 3135 non
713 3089 853 3158 prorsus
878 3068 1027 3137 cessavit
1049 3067 1223 3138 industria
1240 3067 1300 3136 hu·

200 3205 327 3265 maua3
352 3183 420 3254 hoc
438 3183 554 3275 ipsum
568 3182 663 3252 enim
681 3184 800 3252 innuit
816 3183 989 3274 separatio
1004 3206 1191 3274 corporum
1209 3182 1300 3253 simi-

201 3298 327 3371 larium
345 3322 410 3393 per
426 3297 688 3381 distillationes,
706 3308 744 3368 et
765 3297 852 3367 alios
874 3298 1091 3368 solutionum
1108 3300 1300 3382 madeant

200 3418 457 3489 dissimilaritas
486 3416 672 3507 compositi
703 3439 766 3507 per
801 3416 1115 3509 congregationem
1150 3418 1299 3508 partium

201 3533 503 3630 homogenearum
523 3540 699 3625 appareat.
752 3530 857 3613 Quod
883 3532 993 3601 etiam
1018 3554 1064 3601 ex
1091 3554 1158 3601 usu
1184 3539 1249 3612 est,
1267 3540 1301 3599 et

201 3650 288 3720 facit
310 3650 355 3719 ad
378 3649 415 3718 id
439 3648 533 3741 quod
552 3648 761 3738 quaerimus3
787 3645 871 3717 licet
894 3649 1019 3738 saepius
1035 3671 1092 3718 res
1109 3646 1221 3718 fallax
1237 3649 1301 3727 sit;

201 3767 286 3858 quia
303 3763 502 3857 complures
519 3770 653 3833 naturae
677 3762 889 3854 separationi
907 3763 1131 3855 imputantur
1147 3772 1187 3834 et
1204 3765 1302 3834 attri-

202 3876 371 3960 buuntur,
395 3899 436 3946 ao
463 3877 491 3946 si
518 3877 614 3969 prius
643 3875 883 3946 substitissent
909 3876 947 3944 in
973 3877 1192 3967 composit03
1218 3897 1302 3967 quas

201 4014 324 4062 revera
347 3992 439 4085 ignis
460 4002 498 4060 et
522 3990 625 4074 calor,
644 4000 681 4061 et
704 3990 765 4061 alii
792 3991 890 4060 modi
907 3993 1130 4084 apertionum
1150 3991 1195 4062 de
1213 4013 1301 4060 novo

202 4108 341 4191 indunt,
359 4116 398 4178 et
420 4104 748 4200 superinducuntffl.
801 4106 873 4177 Sed
891 4117 929 4178 et
947 4108 1022 4177 haec
1040 4130 1181 4199 quoque
1200 4129 1302 4200 parva

236 4362 262 4403 ²⁰
286 4363 328 4417 of
352 4363 399 4418 the
427 4366 585 4436 application
614 4366 645 4420 ol
671 4365 731 4420 Fue
771 4374 826 4418 srts
845 4364 877 4419 ol
892 4363 1022 4428 blattina
1042 4382 1095 4435 any
1106 4363 1185 4419 other
1202 4380 1300 4418 means·

200 4442 309 4513 enough
333 4452 432 4497 cannot
455 4443 489 4497 be
510 4443 567 4498 said
588 4445 616 4498 in
636 4445 730 4514 praisa.
771 4443 830 4497 'l'hs
852 4443 957 4497 anciem
980 4442 1051 4496 table
1074 4441 1104 4497 oi
1130 4441 1301 4498 Prometheus

202 4521 229 4576 lt
240 4521 288 4576 has
301 4519 494 4576 donemoreto
505 4521 731 4578 aidthsdisoove-
772 4538 861 4576 comes
878 4521 935 4575 into
953 4538 1003 4575 our
1020 4519 1105 4576 mind.
1141 4520 1167 4574 A
1180 4520 1252 4591 good
1263 4521 1302 4574 in·

201 4599 253 4654 ries
265 4599 296 4654 ol
305 4599 457 4672 chemistry,
469 4599 522 4654 and
540 4609 569 4655 to
586 4599 671 4654 better
686 4599 732 4653 the
772 4608 863 4654 sunus
880 4600 912 4654 ol
928 4599 982 4653 this
994 4605 1013 4630 “
1023 4598 1056 4655 de
1075 4616 1146 4654 novo
1166 4598 1263 4654 indunt
1278 4607 1301 4652 ct
