<?xml version="1.0" encoding="UTF-8"?>
<!DOCTYPE html PUBLIC "-//W3C//DTD XHTML 1.0 Transitional//EN"
    "http://www.w3.org/TR/xhtml1/DTD/xhtml1-transitional.dtd">
<html xmlns="http://www.w3.org/1999/xhtml" xml:lang="en" lang="en">
 <head>
  <title>
</title>
<meta http-equiv="Content-Type" content="text/html;charset=utf-8" />
  <meta name='ocr-system' content='tesseract 3.04.00' />
  <meta name='ocr-capabilities' content='ocr_page ocr_carea ocr_par ocr_line ocrx_word'/>
</head>
<body>
  <div class='ocr_page' id='page_1' title='image "./franciscibaconi00kitcgoog_0277.png"; bbox 0 0 2708 5226; ppageno 0'>
   <div class='ocr_carea' id='block_1_1' title="bbox 211 544 982 612">
    <p class='ocr_par' dir='ltr' id='par_1_1' title="bbox 211 544 982 612">
     <span class='ocr_line' id='line_1_1' title="bbox 211 544 982 612; baseline 0.001 -3"><span class='ocrx_word' id='word_1_1' title='bbox 211 544 277 612; x_wconf 75' lang='lat'>246</span> <span class='ocrx_word' id='word_1_2' title='bbox 537 546 711 611; x_wconf 86' lang='lat' dir='ltr'><strong>NOVUM</strong></span> <span class='ocrx_word' id='word_1_3' title='bbox 733 545 982 611; x_wconf 80' lang='lat' dir='ltr'>ORGANUM.</span> 
     </span>
    </p>
   </div>
   <div class='ocr_carea' id='block_1_2' title="bbox 212 710 1320 3708">
    <p class='ocr_par' dir='ltr' id='par_1_2' title="bbox 212 710 1315 2177">
     <span class='ocr_line' id='line_1_2' title="bbox 212 710 1302 805; baseline -0.002 -23"><span class='ocrx_word' id='word_1_4' title='bbox 212 712 311 784; x_wconf 78' lang='lat' dir='ltr'>ficies</span> <span class='ocrx_word' id='word_1_5' title='bbox 334 719 397 782; x_wconf 82' lang='lat' dir='ltr'>snt</span> <span class='ocrx_word' id='word_1_6' title='bbox 422 711 557 782; x_wconf 80' lang='lat' dir='ltr'>extima</span> <span class='ocrx_word' id='word_1_7' title='bbox 580 712 787 782; x_wconf 82' lang='lat' dir='ltr'>ineruststio</span> <span class='ocrx_word' id='word_1_8' title='bbox 807 719 914 782; x_wconf 73' lang='lat' dir='ltr'>terrm</span> <span class='ocrx_word' id='word_1_9' title='bbox 930 710 1073 781; x_wconf 83' lang='lat' dir='ltr'>virtutis</span> <span class='ocrx_word' id='word_1_10' title='bbox 1098 710 1302 805; x_wconf 73' lang='lat' dir='ltr'>magnetius,</span> 
     </span>
     <span class='ocr_line' id='line_1_3' title="bbox 213 825 1305 922; baseline -0.003 -23"><span class='ocrx_word' id='word_1_11' title='bbox 213 836 255 899; x_wconf 89' lang='lat' dir='ltr'>ut</span> <span class='ocrx_word' id='word_1_12' title='bbox 271 827 333 898; x_wconf 91' lang='lat' dir='ltr'>ille</span> <span class='ocrx_word' id='word_1_13' title='bbox 351 826 437 910; x_wconf 79' lang='lat' dir='ltr'>vult,</span> <span class='ocrx_word' id='word_1_14' title='bbox 451 850 579 920; x_wconf 83' lang='lat' dir='ltr'>expers</span> <span class='ocrx_word' id='word_1_15' title='bbox 595 832 664 922; x_wconf 88' lang='lat' dir='ltr'>est)</span> <span class='ocrx_word' id='word_1_16' title='bbox 682 850 746 921; x_wconf 89' lang='lat' dir='ltr'>per</span> <span class='ocrx_word' id='word_1_17' title='bbox 763 850 899 898; x_wconf 83' lang='lat' dir='ltr'>morum</span> <span class='ocrx_word' id='word_1_18' title='bbox 916 835 1038 898; x_wconf 79' lang='lat' dir='ltr'>temen</span> <span class='ocrx_word' id='word_1_19' title='bbox 1056 825 1205 920; x_wconf 79' lang='lat' dir='ltr'>longum</span> <span class='ocrx_word' id='word_1_20' title='bbox 1221 849 1305 920; x_wconf 85' lang='lat' dir='ltr'>msg·</span> 
     </span>
     <span class='ocr_line' id='line_1_4' title="bbox 214 944 1308 1038; baseline -0.002 -23"><span class='ocrx_word' id='word_1_21' title='bbox 214 945 308 1016; x_wconf 86' lang='lat' dir='ltr'>netis</span> <span class='ocrx_word' id='word_1_22' title='bbox 324 953 461 1016; x_wconf 78' lang='lat' dir='ltr'>tectum</span> <span class='ocrx_word' id='word_1_23' title='bbox 483 944 676 1038; x_wconf 84' lang='lat' dir='ltr'>suppleret,</span> <span class='ocrx_word' id='word_1_24' title='bbox 693 953 732 1017; x_wconf 90' lang='lat' dir='ltr'>et</span> <span class='ocrx_word' id='word_1_25' title='bbox 749 945 882 1015; x_wconf 84' lang='lat' dir='ltr'>ferrum</span> <span class='ocrx_word' id='word_1_26' title='bbox 905 944 1051 1027; x_wconf 81' lang='lat' dir='ltr'>exciret,</span> <span class='ocrx_word' id='word_1_27' title='bbox 1069 944 1204 1016; x_wconf 88' lang='lat' dir='ltr'>deinde</span> <span class='ocrx_word' id='word_1_28' title='bbox 1227 945 1308 1014; x_wconf 86' lang='lat' dir='ltr'>exei-</span> 
     </span>
     <span class='ocr_line' id='line_1_5' title="bbox 214 1059 1308 1152; baseline -0.003 -20"><span class='ocrx_word' id='word_1_29' title='bbox 214 1069 294 1132; x_wconf 87' lang='lat' dir='ltr'>tum</span> <span class='ocrx_word' id='word_1_30' title='bbox 322 1060 560 1132; x_wconf 80' lang='lat' dir='ltr'>conformaret</span> <span class='ocrx_word' id='word_1_31' title='bbox 588 1068 627 1130; x_wconf 90' lang='lat' dir='ltr'>et</span> <span class='ocrx_word' id='word_1_32' title='bbox 656 1067 822 1132; x_wconf 83' lang='lat' dir='ltr'>verteret.</span> <span class='ocrx_word' id='word_1_33' title='bbox 881 1059 1028 1142; x_wconf 86' lang='lat' dir='ltr'>Rursus,</span> <span class='ocrx_word' id='word_1_34' title='bbox 1058 1060 1158 1152; x_wconf 90' lang='lat' dir='ltr'>quod</span> <span class='ocrx_word' id='word_1_35' title='bbox 1190 1060 1308 1130; x_wconf 87' lang='lat' dir='ltr'>ferrum</span> 
     </span>
     <span class='ocr_line' id='line_1_6' title="bbox 215 1177 1312 1272; baseline -0.004 -24"><span class='ocrx_word' id='word_1_36' title='bbox 215 1179 368 1272; x_wconf 89' lang='lat' dir='ltr'>ignitum</span> <span class='ocrx_word' id='word_1_37' title='bbox 386 1185 425 1248; x_wconf 91' lang='lat' dir='ltr'>et</span> <span class='ocrx_word' id='word_1_38' title='bbox 443 1177 657 1263; x_wconf 85' lang='lat' dir='ltr'>eendeus,si</span> <span class='ocrx_word' id='word_1_39' title='bbox 681 1177 718 1247; x_wconf 90' lang='lat' dir='ltr'>in</span> <span class='ocrx_word' id='word_1_40' title='bbox 741 1177 962 1248; x_wconf 77' lang='lat' dir='ltr'>extinctione</span> <span class='ocrx_word' id='word_1_41' title='bbox 987 1198 1053 1246; x_wconf 81' lang='lat' dir='ltr'>sus</span> <span class='ocrx_word' id='word_1_42' title='bbox 1074 1177 1312 1270; x_wconf 75' lang='lat' dir='ltr'>exporrigetur</span> 
     </span>
     <span class='ocr_line' id='line_1_7' title="bbox 215 1290 1313 1386; baseline -0.002 -22"><span class='ocrx_word' id='word_1_43' title='bbox 215 1294 310 1364; x_wconf 88' lang='lat' dir='ltr'>inter</span> <span class='ocrx_word' id='word_1_44' title='bbox 328 1292 588 1385; x_wconf 77' lang='lat' dir='ltr'>septentriones</span> <span class='ocrx_word' id='word_1_45' title='bbox 610 1301 648 1362; x_wconf 92' lang='lat' dir='ltr'>et</span> <span class='ocrx_word' id='word_1_46' title='bbox 668 1300 839 1374; x_wconf 72' lang='lat' dir='ltr'>austrum,</span> <span class='ocrx_word' id='word_1_47' title='bbox 857 1290 1004 1386; x_wconf 78' lang='lat' dir='ltr'>colliget</span> <span class='ocrx_word' id='word_1_48' title='bbox 1020 1314 1167 1384; x_wconf 88' lang='lat' dir='ltr'>quoque</span> <span class='ocrx_word' id='word_1_49' title='bbox 1185 1293 1313 1363; x_wconf 76' lang='lat' dir='ltr'>vertici·</span> 
     </span>
     <span class='ocr_line' id='line_1_8' title="bbox 216 1408 1312 1502; baseline -0.004 -20"><span class='ocrx_word' id='word_1_50' title='bbox 216 1418 340 1490; x_wconf 75' lang='lat' dir='ltr'>tutem,</span> <span class='ocrx_word' id='word_1_51' title='bbox 367 1409 501 1501; x_wconf 79' lang='lat' dir='ltr'>absque</span> <span class='ocrx_word' id='word_1_52' title='bbox 530 1417 629 1479; x_wconf 78' lang='lat' dir='ltr'>tectu</span> <span class='ocrx_word' id='word_1_53' title='bbox 661 1409 859 1502; x_wconf 79' lang='lat' dir='ltr'>magnetis:</span> <span class='ocrx_word' id='word_1_54' title='bbox 897 1431 940 1478; x_wconf 83' lang='lat' dir='ltr'>ue</span> <span class='ocrx_word' id='word_1_55' title='bbox 968 1409 996 1478; x_wconf 90' lang='lat' dir='ltr'>si</span> <span class='ocrx_word' id='word_1_56' title='bbox 1023 1417 1146 1501; x_wconf 82' lang='lat' dir='ltr'>portes</span> <span class='ocrx_word' id='word_1_57' title='bbox 1177 1408 1259 1479; x_wconf 85' lang='lat' dir='ltr'>ferri</span> <span class='ocrx_word' id='word_1_58' title='bbox 1281 1410 1312 1478; x_wconf 93' lang='lat' dir='ltr'>in</span> 
     </span>
     <span class='ocr_line' id='line_1_9' title="bbox 217 1523 1313 1619; baseline -0.002 -23"><span class='ocrx_word' id='word_1_59' title='bbox 217 1534 318 1596; x_wconf 90' lang='lat' dir='ltr'>motu</span> <span class='ocrx_word' id='word_1_60' title='bbox 343 1525 469 1618; x_wconf 86' lang='lat' dir='ltr'>positoe</span> <span class='ocrx_word' id='word_1_61' title='bbox 495 1547 558 1616; x_wconf 88' lang='lat' dir='ltr'>per</span> <span class='ocrx_word' id='word_1_62' title='bbox 581 1523 806 1619; x_wconf 84' lang='lat' dir='ltr'>ignitionem,</span> <span class='ocrx_word' id='word_1_63' title='bbox 826 1532 865 1593; x_wconf 91' lang='lat' dir='ltr'>et</span> <span class='ocrx_word' id='word_1_64' title='bbox 886 1531 1010 1617; x_wconf 83' lang='lat' dir='ltr'>postes</span> <span class='ocrx_word' id='word_1_65' title='bbox 1035 1545 1075 1592; x_wconf 89' lang='lat' dir='ltr'>se</span> <span class='ocrx_word' id='word_1_66' title='bbox 1100 1525 1313 1616; x_wconf 78' lang='lat' dir='ltr'>recipientes</span> 
     </span>
     <span class='ocr_line' id='line_1_10' title="bbox 216 1638 1315 1733; baseline 0 -23"><span class='ocrx_word' id='word_1_67' title='bbox 216 1641 348 1733; x_wconf 88' lang='lat' dir='ltr'>inipso</span> <span class='ocrx_word' id='word_1_68' title='bbox 369 1638 520 1711; x_wconf 85' lang='lat' dir='ltr'>nrtioulo</span> <span class='ocrx_word' id='word_1_69' title='bbox 545 1638 776 1710; x_wconf 75' lang='lat' dir='ltr'>extinctionis</span> <span class='ocrx_word' id='word_1_70' title='bbox 801 1660 877 1709; x_wconf 85' lang='lat' dir='ltr'>suae</span> <span class='ocrx_word' id='word_1_71' title='bbox 899 1640 1013 1732; x_wconf 74' lang='lat' dir='ltr'>magis</span> <span class='ocrx_word' id='word_1_72' title='bbox 1038 1647 1162 1710; x_wconf 85' lang='lat' dir='ltr'>essent</span> <span class='ocrx_word' id='word_1_73' title='bbox 1186 1661 1315 1732; x_wconf 85' lang='lat' dir='ltr'>susoep</span> 
     </span>
     <span class='ocr_line' id='line_1_11' title="bbox 218 1756 1314 1848; baseline 0 -22"><span class='ocrx_word' id='word_1_74' title='bbox 218 1758 313 1837; x_wconf 85' lang='lat' dir='ltr'>tivae,</span> <span class='ocrx_word' id='word_1_75' title='bbox 332 1764 370 1827; x_wconf 91' lang='lat' dir='ltr'>et</span> <span class='ocrx_word' id='word_1_76' title='bbox 386 1756 486 1848; x_wconf 85' lang='lat' dir='ltr'>qussi</span> <span class='ocrx_word' id='word_1_77' title='bbox 503 1757 681 1827; x_wconf 81' lang='lat' dir='ltr'>sensitivoe</span> <span class='ocrx_word' id='word_1_78' title='bbox 697 1756 842 1825; x_wconf 83' lang='lat' dir='ltr'>virtutis</span> <span class='ocrx_word' id='word_1_79' title='bbox 858 1756 1038 1825; x_wconf 76' lang='lat' dir='ltr'>monentis</span> <span class='ocrx_word' id='word_1_80' title='bbox 1054 1777 1077 1824; x_wconf 78' lang='lat' dir='ltr'><strong>a</strong></span> <span class='ocrx_word' id='word_1_81' title='bbox 1093 1764 1202 1839; x_wconf 78' lang='lat' dir='ltr'>terre,</span> <span class='ocrx_word' id='word_1_82' title='bbox 1220 1779 1314 1848; x_wconf 82' lang='lat' dir='ltr'>quem</span> 
     </span>
     <span class='ocr_line' id='line_1_12' title="bbox 217 1871 1315 1963; baseline 0 -20"><span class='ocrx_word' id='word_1_83' title='bbox 217 1871 315 1955; x_wconf 78' lang='lat' dir='ltr'>olias,</span> <span class='ocrx_word' id='word_1_84' title='bbox 345 1880 383 1942; x_wconf 88' lang='lat' dir='ltr'>et</span> <span class='ocrx_word' id='word_1_85' title='bbox 412 1872 497 1943; x_wconf 87' lang='lat' dir='ltr'>inde</span> <span class='ocrx_word' id='word_1_86' title='bbox 523 1872 651 1943; x_wconf 84' lang='lat' dir='ltr'>fierent</span> <span class='ocrx_word' id='word_1_87' title='bbox 680 1880 852 1963; x_wconf 78' lang='lat' dir='ltr'>tanquam</span> <span class='ocrx_word' id='word_1_88' title='bbox 882 1872 1024 1943; x_wconf 83' lang='lat' dir='ltr'>exeitae.</span> <span class='ocrx_word' id='word_1_89' title='bbox 1078 1871 1225 1945; x_wconf 86' lang='lat' dir='ltr'>Verum</span> <span class='ocrx_word' id='word_1_90' title='bbox 1241 1872 1315 1953; x_wconf 70' lang='lat' dir='ltr'>haec,</span> 
     </span>
     <span class='ocr_line' id='line_1_13' title="bbox 218 1988 1315 2084; baseline 0.002 -25"><span class='ocrx_word' id='word_1_91' title='bbox 218 1988 303 2061; x_wconf 84' lang='lat' dir='ltr'>lieet</span> <span class='ocrx_word' id='word_1_92' title='bbox 321 1990 412 2062; x_wconf 89' lang='lat' dir='ltr'>bene</span> <span class='ocrx_word' id='word_1_93' title='bbox 429 1989 624 2074; x_wconf 72' lang='lat' dir='ltr'>observate,</span> <span class='ocrx_word' id='word_1_94' title='bbox 641 1997 763 2060; x_wconf 87' lang='lat' dir='ltr'>temen</span> <span class='ocrx_word' id='word_1_95' title='bbox 786 2012 859 2060; x_wconf 90' lang='lat' dir='ltr'>non</span> <span class='ocrx_word' id='word_1_96' title='bbox 880 1991 1050 2060; x_wconf 80' lang='lat' dir='ltr'>evincunt</span> <span class='ocrx_word' id='word_1_97' title='bbox 1067 2012 1214 2084; x_wconf 90' lang='lat' dir='ltr'>prorsus</span> <span class='ocrx_word' id='word_1_98' title='bbox 1231 1989 1315 2083; x_wconf 87' lang='lat' dir='ltr'>quod</span> 
     </span>
     <span class='ocr_line' id='line_1_14' title="bbox 219 2105 433 2177; baseline -0.005 0"><span class='ocrx_word' id='word_1_99' title='bbox 219 2105 281 2177; x_wconf 92' lang='lat' dir='ltr'>ille</span> <span class='ocrx_word' id='word_1_100' title='bbox 297 2107 433 2176; x_wconf 81' lang='lat' dir='ltr'>asserit.</span> 
     </span>
    </p>

    <p class='ocr_par' dir='ltr' id='par_1_3' title="bbox 219 2218 1320 3708">
     <span class='ocr_line' id='line_1_15' title="bbox 268 2218 1316 2316; baseline -0.003 -24"><span class='ocrx_word' id='word_1_101' title='bbox 268 2218 445 2292; x_wconf 76' lang='lat' dir='ltr'>[nstantia</span> <span class='ocrx_word' id='word_1_102' title='bbox 461 2221 576 2292; x_wconf 68' lang='lat' dir='ltr'>mdo</span> <span class='ocrx_word' id='word_1_103' title='bbox 600 2230 722 2292; x_wconf 85' lang='lat' dir='ltr'>eutem</span> <span class='ocrx_word' id='word_1_104' title='bbox 747 2222 841 2293; x_wconf 82' lang='lat' dir='ltr'>eirca</span> <span class='ocrx_word' id='word_1_105' title='bbox 869 2221 939 2292; x_wconf 85' lang='lat' dir='ltr'>hoe</span> <span class='ocrx_word' id='word_1_106' title='bbox 964 2221 1171 2314; x_wconf 85' lang='lat' dir='ltr'>subjeetum</span> <span class='ocrx_word' id='word_1_107' title='bbox 1196 2222 1316 2316; x_wconf 89' lang='lat' dir='ltr'>poterit</span> 
     </span>
     <span class='ocr_line' id='line_1_16' title="bbox 219 2334 1317 2432; baseline -0.002 -24"><span class='ocrx_word' id='word_1_108' title='bbox 219 2359 295 2408; x_wconf 88' lang='lat' dir='ltr'>esse</span> <span class='ocrx_word' id='word_1_109' title='bbox 316 2336 408 2408; x_wconf 83' lang='lat' dir='ltr'>tulis.</span> <span class='ocrx_word' id='word_1_110' title='bbox 460 2334 632 2429; x_wconf 75' lang='lat' dir='ltr'>capietur</span> <span class='ocrx_word' id='word_1_111' title='bbox 656 2335 799 2408; x_wconf 83' lang='lat' dir='ltr'>terrells</span> <span class='ocrx_word' id='word_1_112' title='bbox 824 2360 871 2410; x_wconf 88' lang='lat' dir='ltr'>ex</span> <span class='ocrx_word' id='word_1_113' title='bbox 896 2346 1076 2432; x_wconf 70' lang='lat' dir='ltr'>magnete,</span> <span class='ocrx_word' id='word_1_114' title='bbox 1094 2347 1134 2409; x_wconf 91' lang='lat' dir='ltr'>et</span> <span class='ocrx_word' id='word_1_115' title='bbox 1161 2347 1317 2409; x_wconf 88' lang='lat' dir='ltr'>notentur</span> 
     </span>
     <span class='ocr_line' id='line_1_17' title="bbox 219 2452 1317 2545; baseline -0.003 -23"><span class='ocrx_word' id='word_1_116' title='bbox 219 2452 290 2545; x_wconf 87' lang='lat' dir='ltr'>poli</span> <span class='ocrx_word' id='word_1_117' title='bbox 309 2452 405 2544; x_wconf 81' lang='lat' dir='ltr'>ejus3</span> <span class='ocrx_word' id='word_1_118' title='bbox 430 2460 469 2523; x_wconf 90' lang='lat' dir='ltr'>et</span> <span class='ocrx_word' id='word_1_119' title='bbox 493 2461 670 2543; x_wconf 80' lang='lat' dir='ltr'>ponentur</span> <span class='ocrx_word' id='word_1_120' title='bbox 693 2452 765 2544; x_wconf 90' lang='lat' dir='ltr'>poli</span> <span class='ocrx_word' id='word_1_121' title='bbox 789 2452 940 2525; x_wconf 80' lang='lat' dir='ltr'>terrelloe</span> <span class='ocrx_word' id='word_1_122' title='bbox 957 2475 1080 2525; x_wconf 83' lang='lat' dir='ltr'>versus</span> <span class='ocrx_word' id='word_1_123' title='bbox 1097 2455 1271 2524; x_wconf 87' lang='lat' dir='ltr'>orientem</span> <span class='ocrx_word' id='word_1_124' title='bbox 1287 2460 1317 2521; x_wconf 89' lang='lat' dir='ltr'>et</span> 
     </span>
     <span class='ocr_line' id='line_1_18' title="bbox 220 2572 1317 2660; baseline -0.003 -21"><span class='ocrx_word' id='word_1_125' title='bbox 220 2592 393 2650; x_wconf 83' lang='lat' dir='ltr'>occasum,</span> <span class='ocrx_word' id='word_1_126' title='bbox 418 2591 490 2637; x_wconf 92' lang='lat' dir='ltr'>non</span> <span class='ocrx_word' id='word_1_127' title='bbox 515 2589 636 2638; x_wconf 87' lang='lat' dir='ltr'>versus</span> <span class='ocrx_word' id='word_1_128' title='bbox 666 2572 924 2659; x_wconf 78' lang='lat' dir='ltr'>septentriones</span> <span class='ocrx_word' id='word_1_129' title='bbox 953 2578 992 2640; x_wconf 88' lang='lat' dir='ltr'>et</span> <span class='ocrx_word' id='word_1_130' title='bbox 1021 2578 1198 2655; x_wconf 85' lang='lat' dir='ltr'>austrum,</span> <span class='ocrx_word' id='word_1_131' title='bbox 1222 2577 1317 2660; x_wconf 81' lang='lat' dir='ltr'>atque</span> 
     </span>
     <span class='ocr_line' id='line_1_19' title="bbox 221 2683 1317 2777; baseline -0.002 -24"><span class='ocrx_word' id='word_1_132' title='bbox 221 2685 271 2754; x_wconf 80' lang='lat' dir='ltr'>ita</span> <span class='ocrx_word' id='word_1_133' title='bbox 282 2685 445 2775; x_wconf 79' lang='lat' dir='ltr'>jaceant:</span> <span class='ocrx_word' id='word_1_134' title='bbox 471 2683 602 2754; x_wconf 88' lang='lat' dir='ltr'>deinde</span> <span class='ocrx_word' id='word_1_135' title='bbox 619 2695 877 2777; x_wconf 81' lang='lat' dir='ltr'>superponatur</span> <span class='ocrx_word' id='word_1_136' title='bbox 893 2707 977 2755; x_wconf 85' lang='lat' dir='ltr'>nous</span> <span class='ocrx_word' id='word_1_137' title='bbox 994 2685 1110 2756; x_wconf 83' lang='lat' dir='ltr'>ferrea</span> <span class='ocrx_word' id='word_1_138' title='bbox 1128 2688 1272 2766; x_wconf 82' lang='lat' dir='ltr'>intuetu,</span> <span class='ocrx_word' id='word_1_139' title='bbox 1288 2692 1317 2753; x_wconf 90' lang='lat' dir='ltr'>et</span> 
     </span>
     <span class='ocr_line' id='line_1_20' title="bbox 221 2799 1317 2893; baseline -0.001 -24"><span class='ocrx_word' id='word_1_140' title='bbox 221 2801 450 2891; x_wconf 82' lang='lat' dir='ltr'>permittetur</span> <span class='ocrx_word' id='word_1_141' title='bbox 466 2801 516 2869; x_wconf 83' lang='lat' dir='ltr'>its</span> <span class='ocrx_word' id='word_1_142' title='bbox 533 2822 677 2869; x_wconf 77' lang='lat' dir='ltr'>monere</span> <span class='ocrx_word' id='word_1_143' title='bbox 695 2800 739 2869; x_wconf 82' lang='lat' dir='ltr'>ad</span> <span class='ocrx_word' id='word_1_144' title='bbox 759 2800 837 2872; x_wconf 89' lang='lat' dir='ltr'>dies</span> <span class='ocrx_word' id='word_1_145' title='bbox 860 2823 924 2872; x_wconf 86' lang='lat' dir='ltr'>sex</span> <span class='ocrx_word' id='word_1_146' title='bbox 941 2811 1004 2870; x_wconf 83' lang='lat' dir='ltr'>sut</span> <span class='ocrx_word' id='word_1_147' title='bbox 1027 2811 1181 2893; x_wconf 84' lang='lat' dir='ltr'>septem.</span> <span class='ocrx_word' id='word_1_148' title='bbox 1232 2799 1317 2870; x_wconf 85' lang='lat' dir='ltr'>Aous</span> 
     </span>
     <span class='ocr_line' id='line_1_21' title="bbox 223 2915 1319 3008; baseline -0.001 -25"><span class='ocrx_word' id='word_1_149' title='bbox 223 2938 305 2986; x_wconf 89' lang='lat' dir='ltr'>vero</span> <span class='ocrx_word' id='word_1_150' title='bbox 331 2917 429 3004; x_wconf 86' lang='lat' dir='ltr'>(nam</span> <span class='ocrx_word' id='word_1_151' title='bbox 459 2916 505 2986; x_wconf 91' lang='lat' dir='ltr'>de</span> <span class='ocrx_word' id='word_1_152' title='bbox 535 2915 603 2985; x_wconf 87' lang='lat' dir='ltr'>hoo</span> <span class='ocrx_word' id='word_1_153' title='bbox 630 2937 701 2985; x_wconf 89' lang='lat' dir='ltr'>non</span> <span class='ocrx_word' id='word_1_154' title='bbox 732 2916 932 3004; x_wconf 80' lang='lat' dir='ltr'>dubitetur)</span> <span class='ocrx_word' id='word_1_155' title='bbox 959 2917 1046 2987; x_wconf 91' lang='lat' dir='ltr'>dum</span> <span class='ocrx_word' id='word_1_156' title='bbox 1075 2926 1202 2990; x_wconf 81' lang='lat' dir='ltr'>manet</span> <span class='ocrx_word' id='word_1_157' title='bbox 1228 2937 1319 3008; x_wconf 87' lang='lat' dir='ltr'>super</span> 
     </span>
     <span class='ocr_line' id='line_1_22' title="bbox 223 3032 1318 3126; baseline 0.001 -25"><span class='ocrx_word' id='word_1_158' title='bbox 223 3043 435 3126; x_wconf 80' lang='lat' dir='ltr'>magnetem,</span> <span class='ocrx_word' id='word_1_159' title='bbox 467 3032 600 3102; x_wconf 86' lang='lat' dir='ltr'>relictis</span> <span class='ocrx_word' id='word_1_160' title='bbox 633 3032 723 3125; x_wconf 91' lang='lat' dir='ltr'>polis</span> <span class='ocrx_word' id='word_1_161' title='bbox 756 3033 892 3114; x_wconf 90' lang='lat' dir='ltr'>mundi,</span> <span class='ocrx_word' id='word_1_162' title='bbox 926 3056 964 3104; x_wconf 88' lang='lat' dir='ltr'>se</span> <span class='ocrx_word' id='word_1_163' title='bbox 999 3042 1117 3104; x_wconf 85' lang='lat' dir='ltr'>vertet</span> <span class='ocrx_word' id='word_1_164' title='bbox 1151 3035 1197 3105; x_wconf 80' lang='lat' dir='ltr'>ad</span> <span class='ocrx_word' id='word_1_165' title='bbox 1232 3033 1318 3126; x_wconf 83' lang='lat' dir='ltr'>polos</span> 
     </span>
     <span class='ocr_line' id='line_1_23' title="bbox 224 3149 1319 3243; baseline -0.004 -24"><span class='ocrx_word' id='word_1_166' title='bbox 224 3150 410 3243; x_wconf 85' lang='lat' dir='ltr'>magnetis.</span> <span class='ocrx_word' id='word_1_167' title='bbox 463 3149 590 3241; x_wconf 81' lang='lat' dir='ltr'>Itaque</span> <span class='ocrx_word' id='word_1_168' title='bbox 610 3149 778 3240; x_wconf 80' lang='lat' dir='ltr'>quamdiu</span> <span class='ocrx_word' id='word_1_169' title='bbox 798 3151 850 3220; x_wconf 84' lang='lat' dir='ltr'>ite</span> <span class='ocrx_word' id='word_1_170' title='bbox 866 3159 998 3232; x_wconf 79' lang='lat' dir='ltr'>manet,</span> <span class='ocrx_word' id='word_1_171' title='bbox 1016 3152 1172 3220; x_wconf 87' lang='lat' dir='ltr'>vertitur</span> <span class='ocrx_word' id='word_1_172' title='bbox 1197 3150 1319 3222; x_wconf 80' lang='lat' dir='ltr'>seilicet</span> 
     </span>
     <span class='ocr_line' id='line_1_24' title="bbox 222 3265 1320 3349; baseline -0.005 -12"><span class='ocrx_word' id='word_1_173' title='bbox 222 3267 267 3337; x_wconf 79' lang='lat' dir='ltr'>sd</span> <span class='ocrx_word' id='word_1_174' title='bbox 287 3267 459 3337; x_wconf 88' lang='lat' dir='ltr'>orientem</span> <span class='ocrx_word' id='word_1_175' title='bbox 478 3274 516 3335; x_wconf 87' lang='lat' dir='ltr'>et</span> <span class='ocrx_word' id='word_1_176' title='bbox 533 3266 756 3336; x_wconf 83' lang='lat' dir='ltr'>occidentem</span> <span class='ocrx_word' id='word_1_177' title='bbox 774 3268 910 3337; x_wconf 90' lang='lat' dir='ltr'>mundi.</span> <span class='ocrx_word' id='word_1_178' title='bbox 955 3265 1061 3349; x_wconf 87' lang='lat' dir='ltr'>Quod</span> <span class='ocrx_word' id='word_1_179' title='bbox 1082 3269 1111 3337; x_wconf 89' lang='lat' dir='ltr'>si</span> <span class='ocrx_word' id='word_1_180' title='bbox 1130 3268 1320 3337; x_wconf 82' lang='lat' dir='ltr'>invenietur</span> 
     </span>
     <span class='ocr_line' id='line_1_25' title="bbox 224 3383 1318 3475; baseline 0.004 -20"><span class='ocrx_word' id='word_1_181' title='bbox 224 3407 307 3455; x_wconf 82' lang='lat' dir='ltr'>acus</span> <span class='ocrx_word' id='word_1_182' title='bbox 333 3383 394 3453; x_wconf 84' lang='lat' dir='ltr'>ills</span> <span class='ocrx_word' id='word_1_183' title='bbox 419 3391 555 3452; x_wconf 83' lang='lat' dir='ltr'>remote</span> <span class='ocrx_word' id='word_1_184' title='bbox 579 3405 601 3451; x_wconf 83' lang='lat' dir='ltr'>a</span> <span class='ocrx_word' id='word_1_185' title='bbox 621 3391 796 3475; x_wconf 85' lang='lat' dir='ltr'>magnete,</span> <span class='ocrx_word' id='word_1_186' title='bbox 815 3392 855 3454; x_wconf 89' lang='lat' dir='ltr'>et</span> <span class='ocrx_word' id='word_1_187' title='bbox 871 3384 986 3475; x_wconf 85' lang='lat' dir='ltr'>posits</span> <span class='ocrx_word' id='word_1_188' title='bbox 1001 3405 1110 3475; x_wconf 89' lang='lat' dir='ltr'>super</span> <span class='ocrx_word' id='word_1_189' title='bbox 1128 3383 1318 3459; x_wconf 72' lang='lat' dir='ltr'>senorium,</span> 
     </span>
     <span class='ocr_line' id='line_1_26' title="bbox 224 3494 1318 3591; baseline -0.005 -21"><span class='ocrx_word' id='word_1_190' title='bbox 224 3501 345 3571; x_wconf 83' lang='lat' dir='ltr'>stetim</span> <span class='ocrx_word' id='word_1_191' title='bbox 375 3522 413 3569; x_wconf 89' lang='lat' dir='ltr'>se</span> <span class='ocrx_word' id='word_1_192' title='bbox 443 3498 620 3591; x_wconf 77' lang='lat' dir='ltr'>applicare</span> <span class='ocrx_word' id='word_1_193' title='bbox 650 3498 694 3568; x_wconf 81' lang='lat' dir='ltr'>sd</span> <span class='ocrx_word' id='word_1_194' title='bbox 727 3499 985 3590; x_wconf 88' lang='lat' dir='ltr'>septentriones</span> <span class='ocrx_word' id='word_1_195' title='bbox 1012 3507 1051 3569; x_wconf 91' lang='lat' dir='ltr'>et</span> <span class='ocrx_word' id='word_1_196' title='bbox 1078 3509 1253 3581; x_wconf 77' lang='lat' dir='ltr'>austrum,</span> <span class='ocrx_word' id='word_1_197' title='bbox 1274 3494 1318 3566; x_wconf 83' lang='lat' dir='ltr'>rel</span> 
     </span>
     <span class='ocr_line' id='line_1_27' title="bbox 225 3614 1320 3708; baseline -0.004 -21"><span class='ocrx_word' id='word_1_198' title='bbox 225 3619 333 3687; x_wconf 81' lang='lat' dir='ltr'>etism</span> <span class='ocrx_word' id='word_1_199' title='bbox 352 3614 525 3708; x_wconf 79' lang='lat' dir='ltr'>paulatim</span> <span class='ocrx_word' id='word_1_200' title='bbox 549 3636 586 3684; x_wconf 94' lang='lat' dir='ltr'>se</span> <span class='ocrx_word' id='word_1_201' title='bbox 611 3636 653 3684; x_wconf 90' lang='lat' dir='ltr'>eo</span> <span class='ocrx_word' id='word_1_202' title='bbox 675 3615 853 3706; x_wconf 79' lang='lat' dir='ltr'>recipere;</span> <span class='ocrx_word' id='word_1_203' title='bbox 879 3625 956 3683; x_wconf 87' lang='lat' dir='ltr'>tum</span> <span class='ocrx_word' id='word_1_204' title='bbox 974 3615 1183 3706; x_wconf 79' lang='lat' dir='ltr'>recipienda</span> <span class='ocrx_word' id='word_1_205' title='bbox 1198 3627 1253 3687; x_wconf 86' lang='lat' dir='ltr'>est</span> <span class='ocrx_word' id='word_1_206' title='bbox 1268 3634 1320 3707; x_wconf 86' lang='lat' dir='ltr'>pro</span> 
     </span>
    </p>
   </div>
   <div class='ocr_carea' id='block_1_3' title="bbox 226 3729 1320 4151">
    <p class='ocr_par' dir='ltr' id='par_1_4' title="bbox 226 3729 1320 4151">
     <span class='ocr_line' id='line_1_28' title="bbox 226 3729 1319 3824; baseline -0.005 -22"><span class='ocrx_word' id='word_1_207' title='bbox 226 3754 340 3813; x_wconf 79' lang='lat' dir='ltr'>ceusu,</span> <span class='ocrx_word' id='word_1_208' title='bbox 359 3729 545 3822; x_wconf 72' lang='lat' dir='ltr'>presentis</span> <span class='ocrx_word' id='word_1_209' title='bbox 562 3738 683 3800; x_wconf 84' lang='lat' dir='ltr'>terrae:</span> <span class='ocrx_word' id='word_1_210' title='bbox 710 3729 763 3797; x_wconf 88' lang='lat' dir='ltr'>sin</span> <span class='ocrx_word' id='word_1_211' title='bbox 781 3737 904 3800; x_wconf 82' lang='lat' dir='ltr'>sutem</span> <span class='ocrx_word' id='word_1_212' title='bbox 922 3738 1081 3800; x_wconf 83' lang='lat' dir='ltr'>vertetur</span> <span class='ocrx_word' id='word_1_213' title='bbox 1096 3737 1155 3824; x_wconf 82' lang='lat' dir='ltr'>(nt</span> <span class='ocrx_word' id='word_1_214' title='bbox 1173 3730 1319 3824; x_wconf 86' lang='lat' dir='ltr'>prins)in</span> 
     </span>
     <span class='ocr_line' id='line_1_29' title="bbox 226 3847 1320 3938; baseline -0.001 -22"><span class='ocrx_word' id='word_1_215' title='bbox 226 3850 399 3918; x_wconf 88' lang='lat' dir='ltr'>orientem</span> <span class='ocrx_word' id='word_1_216' title='bbox 429 3856 466 3914; x_wconf 91' lang='lat' dir='ltr'>et</span> <span class='ocrx_word' id='word_1_217' title='bbox 494 3847 726 3926; x_wconf 84' lang='lat' dir='ltr'>occidentem,</span> <span class='ocrx_word' id='word_1_218' title='bbox 753 3856 817 3915; x_wconf 84' lang='lat' dir='ltr'>eut</span> <span class='ocrx_word' id='word_1_219' title='bbox 844 3847 970 3938; x_wconf 85' lang='lat' dir='ltr'>perdet</span> <span class='ocrx_word' id='word_1_220' title='bbox 996 3847 1250 3931; x_wconf 83' lang='lat' dir='ltr'>vertioitstem,</span> <span class='ocrx_word' id='word_1_221' title='bbox 1272 3847 1320 3916; x_wconf 72' lang='lat' dir='ltr'>he</span> 
     </span>
     <span class='ocr_line' id='line_1_30' title="bbox 227 3960 1320 4058; baseline -0.001 -26"><span class='ocrx_word' id='word_1_222' title='bbox 227 3963 344 4033; x_wconf 86' lang='lat' dir='ltr'>benda</span> <span class='ocrx_word' id='word_1_223' title='bbox 361 3972 415 4032; x_wconf 86' lang='lat' dir='ltr'>est</span> <span class='ocrx_word' id='word_1_224' title='bbox 438 3960 499 4031; x_wconf 83' lang='lat' dir='ltr'>illa</span> <span class='ocrx_word' id='word_1_225' title='bbox 522 3985 627 4033; x_wconf 84' lang='lat' dir='ltr'>causo</span> <span class='ocrx_word' id='word_1_226' title='bbox 647 3985 711 4056; x_wconf 93' lang='lat' dir='ltr'>pro</span> <span class='ocrx_word' id='word_1_227' title='bbox 735 3971 910 4054; x_wconf 83' lang='lat' dir='ltr'>suspects,</span> <span class='ocrx_word' id='word_1_228' title='bbox 928 3972 966 4032; x_wconf 88' lang='lat' dir='ltr'>et</span> <span class='ocrx_word' id='word_1_229' title='bbox 984 3961 1136 4035; x_wconf 88' lang='lat' dir='ltr'>ulterius</span> <span class='ocrx_word' id='word_1_230' title='bbox 1156 3967 1320 4058; x_wconf 87' lang='lat' dir='ltr'>inquiren·</span> 
     </span>
     <span class='ocr_line' id='line_1_31' title="bbox 228 4082 396 4151; baseline -0.024 0"><span class='ocrx_word' id='word_1_231' title='bbox 228 4082 314 4151; x_wconf 92' lang='lat' dir='ltr'>dum</span> <span class='ocrx_word' id='word_1_232' title='bbox 331 4088 396 4148; x_wconf 88' lang='lat' dir='ltr'>est.</span> 
     </span>
    </p>
   </div>
   <div class='ocr_carea' id='block_1_4' title="bbox 229 4192 1320 4405">
    <p class='ocr_par' dir='ltr' id='par_1_5' title="bbox 229 4192 1320 4405">
     <span class='ocr_line' id='line_1_32' title="bbox 279 4192 1320 4288; baseline -0.005 -24"><span class='ocrx_word' id='word_1_233' title='bbox 279 4197 346 4286; x_wconf 78' lang='lat'><strong>(5.)</strong></span> <span class='ocrx_word' id='word_1_234' title='bbox 361 4192 544 4274; x_wconf 86' lang='lat' dir='ltr'>Similiter,</span> <span class='ocrx_word' id='word_1_235' title='bbox 559 4195 604 4265; x_wconf 86' lang='lat' dir='ltr'>sit</span> <span class='ocrx_word' id='word_1_236' title='bbox 622 4204 748 4266; x_wconf 78' lang='lat' dir='ltr'>natura</span> <span class='ocrx_word' id='word_1_237' title='bbox 765 4195 943 4288; x_wconf 81' lang='lat' dir='ltr'>inquisita,</span> <span class='ocrx_word' id='word_1_238' title='bbox 954 4216 1123 4286; x_wconf 86' lang='lat' dir='ltr'>corpores</span> <span class='ocrx_word' id='word_1_239' title='bbox 1136 4193 1320 4266; x_wconf 77' lang='lat' dir='ltr'>substantie</span> 
     </span>
     <span class='ocr_line' id='line_1_33' title="bbox 229 4307 1319 4405; baseline -0.007 -22"><span class='ocrx_word' id='word_1_240' title='bbox 229 4313 320 4383; x_wconf 84' lang='lat' dir='ltr'>lunae</span> <span class='ocrx_word' id='word_1_241' title='bbox 332 4308 378 4392; x_wconf 82' lang='lat'>¹⁶3</span> <span class='ocrx_word' id='word_1_242' title='bbox 404 4334 448 4380; x_wconf 86' lang='lat' dir='ltr'>an</span> <span class='ocrx_word' id='word_1_243' title='bbox 475 4312 522 4380; x_wconf 89' lang='lat' dir='ltr'>sit</span> <span class='ocrx_word' id='word_1_244' title='bbox 544 4312 674 4394; x_wconf 90' lang='lat' dir='ltr'>tenuis,</span> <span class='ocrx_word' id='word_1_245' title='bbox 692 4311 868 4396; x_wconf 79' lang='lat' dir='ltr'>flammea,</span> <span class='ocrx_word' id='word_1_246' title='bbox 892 4313 967 4381; x_wconf 86' lang='lat' dir='ltr'>sive</span> <span class='ocrx_word' id='word_1_247' title='bbox 990 4312 1103 4393; x_wconf 67' lang='lat' dir='ltr'>seres,</span> <span class='ocrx_word' id='word_1_248' title='bbox 1125 4320 1169 4383; x_wconf 90' lang='lat' dir='ltr'>nt</span> <span class='ocrx_word' id='word_1_249' title='bbox 1191 4307 1319 4405; x_wconf 90' lang='lat' dir='ltr'>plurimi</span> 
     </span>
    </p>
   </div>
   <div class='ocr_carea' id='block_1_5' title="bbox 231 4489 1319 4646">
    <p class='ocr_par' dir='ltr' id='par_1_6' title="bbox 231 4489 1319 4646">
     <span class='ocr_line' id='line_1_34' title="bbox 267 4489 1318 4559; baseline -0.01 -4"><span class='ocrx_word' id='word_1_250' title='bbox 267 4499 289 4540; x_wconf 76' lang='lat'>¹⁶</span> <span class='ocrx_word' id='word_1_251' title='bbox 306 4499 365 4555; x_wconf 77' lang='lat' dir='ltr'>&#39;l&#39;he</span> <span class='ocrx_word' id='word_1_252' title='bbox 388 4506 520 4554; x_wconf 76' lang='lat' dir='ltr'>structure</span> <span class='ocrx_word' id='word_1_253' title='bbox 543 4497 574 4552; x_wconf 85' lang='lat' dir='ltr'>oi</span> <span class='ocrx_word' id='word_1_254' title='bbox 595 4496 641 4552; x_wconf 85' lang='lat' dir='ltr'>the</span> <span class='ocrx_word' id='word_1_255' title='bbox 663 4497 757 4553; x_wconf 84' lang='lat' dir='ltr'>Moon.</span> <span class='ocrx_word' id='word_1_256' title='bbox 799 4495 857 4550; x_wconf 84' lang='lat' dir='ltr'>that</span> <span class='ocrx_word' id='word_1_257' title='bbox 874 4495 896 4550; x_wconf 84' lang='lat' dir='ltr'>it</span> <span class='ocrx_word' id='word_1_258' title='bbox 912 4496 936 4550; x_wconf 87' lang='lat' dir='ltr'>is</span> <span class='ocrx_word' id='word_1_259' title='bbox 949 4495 1162 4559; x_wconf 61' lang='lat' dir='ltr'>“unuin&#39;’nnd</span> <span class='ocrx_word' id='word_1_260' title='bbox 1182 4504 1231 4552; x_wconf 85' lang='lat' dir='ltr'>not</span> <span class='ocrx_word' id='word_1_261' title='bbox 1248 4489 1318 4549; x_wconf 82' lang='lat' dir='ltr'>solid:</span> 
     </span>
     <span class='ocr_line' id='line_1_35' title="bbox 231 4573 1319 4646; baseline -0.006 -12"><span class='ocrx_word' id='word_1_262' title='bbox 231 4581 322 4634; x_wconf 83' lang='lat' dir='ltr'>Bacon</span> <span class='ocrx_word' id='word_1_263' title='bbox 338 4594 423 4633; x_wconf 84' lang='lat' dir='ltr'>seems</span> <span class='ocrx_word' id='word_1_264' title='bbox 438 4587 466 4630; x_wconf 86' lang='lat' dir='ltr'>to</span> <span class='ocrx_word' id='word_1_265' title='bbox 479 4577 576 4630; x_wconf 86' lang='lat' dir='ltr'>incline</span> <span class='ocrx_word' id='word_1_266' title='bbox 593 4585 621 4631; x_wconf 81' lang='lat' dir='ltr'>to</span> <span class='ocrx_word' id='word_1_267' title='bbox 637 4576 760 4631; x_wconf 70' lang='lat' dir='ltr'>thetios·</span> <span class='ocrx_word' id='word_1_268' title='bbox 800 4574 915 4646; x_wconf 74' lang='lat' dir='ltr'>perhaps</span> <span class='ocrx_word' id='word_1_269' title='bbox 936 4575 964 4628; x_wconf 88' lang='lat' dir='ltr'>iu</span> <span class='ocrx_word' id='word_1_270' title='bbox 987 4576 1160 4645; x_wconf 80' lang='lat' dir='ltr'>antegenism</span> <span class='ocrx_word' id='word_1_271' title='bbox 1181 4586 1210 4630; x_wconf 87' lang='lat' dir='ltr'>to</span> <span class='ocrx_word' id='word_1_272' title='bbox 1230 4573 1319 4630; x_wconf 75' lang='lat' dir='ltr'>Gilbrrl</span> 
     </span>
    </p>
   </div>
   <div class='ocr_carea' id='block_1_6' title="bbox 0 0 1379 5226">
    <p class='ocr_par' dir='ltr' id='par_1_7' title="bbox 0 0 1379 5226">
     <span class='ocr_line' id='line_1_36' title="bbox 0 0 1379 5226; baseline 0 0"><span class='ocrx_word' id='word_1_273' title='bbox 0 0 1379 5226; x_wconf 95' lang='lat' dir='ltr'> </span> 
     </span>
    </p>
   </div>
  </div>
 </body>
</html>
