2708 5226
205 548 272 611 804
532 544 707 611 NOVUM
729 543 978 610 ORGANUM.

206 710 273 784 luti
291 710 337 782 de
353 710 497 783 flamma
513 721 551 782 st
567 713 649 782 aire
666 710 804 781 dietum
821 720 886 780 est.
938 707 1155 792 Quinetiam
1172 705 1305 798 spiritus

205 835 398 911 emortuus,
416 828 533 920 quiin
554 826 652 897 omni
675 824 839 919 tangibili
863 825 1024 894 animato
1042 821 1258 904 continetur,
1272 821 1304 890 id

205 952 378 1036 perpetuo
402 945 488 1038 agit,
507 952 547 1012 ut
572 951 689 1034 partes
714 943 898 1012 crassiores
914 939 1057 1033 digerat
1079 945 1119 1008 et
1138 946 1254 1007 vertat
1272 939 1305 1006 iu

205 1058 369 1149 spiritum
386 1058 447 1149 qui
464 1054 593 1127 deinde
610 1064 736 1138 exeat3
762 1054 859 1125 unde
874 1053 917 1124 fit
933 1053 1131 1124 diminutio
1147 1051 1305 1144 ponderis

206 1183 245 1243 st
261 1173 462 1254 exsiccatio,
472 1182 516 1243 ιιι
531 1171 616 1242 alibi
634 1171 799 1241 diximus.
835 1168 968 1262 Neque
985 1170 1097 1240 stiam
1115 1167 1305 1260 respuenda

207 1297 264 1359 est
279 1290 318 1358 iu
333 1286 582 1359 mumilutioae
592 1288 745 1358 accretio
761 1285 955 1377 illaquam
973 1284 1084 1379 vulgo
1100 1285 1148 1356 ab
1162 1283 1306 1355 alimen·

207 1405 344 1476 tatione
370 1405 617 1499 distinguunt;
645 1403 756 1474 veluti
786 1425 869 1472 cum
901 1401 1021 1472 lutum
1048 1402 1146 1472 inter
1173 1399 1305 1493 lapillos

206 1520 412 1602 concrescit,
431 1530 469 1592 et
486 1520 636 1589 vertitur
659 1519 697 1589 in
721 1520 908 1589 nuteriam
928 1517 1133 1610 lapideam,
1157 1538 1304 1609 squame

206 1635 299 1705 circs
315 1636 441 1708 dentes
458 1646 644 1705 venantur
670 1636 707 1704 iu
737 1634 973 1706 substantiam
1002 1656 1076 1706 nou
1102 1634 1223 1703 minus
1246 1631 1305 1701 du-

206 1771 415 1843 remquam
444 1759 529 1821 suut
556 1750 683 1822 dentes
708 1752 785 1843 ipsi,
804 1749 870 1822 &u
922 1748 1058 1822 Sumus
1082 1749 1243 1820 enimin
1267 1769 1305 1816 aa

206 1866 385 1958 opinione,
401 1866 515 1938 inesse
532 1867 736 1960 corporibus
751 1866 917 1936 omnibus
939 1866 1157 1937 desiderium
1175 1865 1304 1936 assimi-

206 1979 313 2064 landi,
332 2004 403 2052 non
420 1984 538 2055 minus
554 2007 660 2076 quam
683 1983 835 2054 coeundi
852 1983 897 2054 ad
914 1982 1159 2076 homogenea:
1187 2002 1302 2053 verum

205 2095 337 2190 ligatur
352 2098 422 2169 ista
437 2100 559 2182 virtus,
576 2099 668 2171 sicut
693 2110 730 2169 et
759 2098 842 2185 ille;
869 2098 955 2169 licet
980 2120 1053 2170 non
1078 2099 1210 2169 iisdem
1234 2120 1303 2167 mo·

205 2210 271 2283 dis.
323 2211 396 2284 Sed
422 2215 547 2287 modos
572 2215 661 2299 illos,
678 2237 818 2287 necnon
848 2214 1066 2285 solutionem
1093 2215 1141 2285 ab
1171 2214 1302 2293 iisdem,

206 2328 304 2396 omui
333 2327 519 2423 diligentia
547 2331 723 2422 inquirere
749 2339 913 2422 oportet;
941 2330 1026 2421 quia
1053 2331 1240 2422 pertinent
1263 2328 1303 2398 ad

205 2445 400 2514 senectutis
417 2446 708 2517 refocillationem
719 2442 760 2516 ⁸⁸.
812 2445 999 2517 Postremo
1016 2445 1164 2517 videtur
1185 2454 1304 2517 notatu

206 2558 364 2652 dignum,
383 2561 477 2652 quod
503 2563 540 2631 in
566 2585 694 2633 novem
720 2561 789 2632 illis
813 2561 979 2643 motibus,
999 2562 1197 2654 dequibus
1221 2563 1305 2632 dixi·

206 2698 297 2757 mus,
314 2699 459 2767 corpora
486 2686 626 2747 tautum
655 2689 788 2748 uaturae
813 2702 885 2748 suae
913 2680 1225 2752 conservationem
1249 2703 1303 2772 ap

207 2799 329 2882 petere
358 2792 546 2876 videntum
585 2795 622 2862 in
652 2793 720 2863 hoc
755 2795 894 2864 decimo
927 2803 1051 2866 autem
1088 2798 1303 2892 propagatio-

206 2928 289 2976 nem
299 2902 339 2974 ⁸⁹.

257 3021 347 3113 (12.)
375 3020 432 3091 Sit
462 3032 579 3093 motus
610 3024 850 3108 duodecimus,
880 3033 991 3096 motus
1021 3024 1301 3105 excitationiswr·

206 3137 267 3228 qui
284 3146 403 3207 motus
420 3139 561 3209 videtur
585 3163 661 3212 esse
686 3165 733 3211 ex
758 3165 889 3234 genere
907 3141 1184 3228 assimilationis,
1201 3155 1302 3236 atquc

206 3275 249 3324 eo
267 3255 412 3325 nomine
428 3257 641 3348 quaudoque
657 3280 679 3326 a
696 3258 798 3328 nobis
815 3259 1013 3350 promiscue
1032 3270 1193 3333 vocatur.
1244 3259 1303 3330 &t

206 3371 303 3441 enim
328 3382 447 3443 motus
471 3372 666 3454 diffusivus,
687 3382 726 3444 et
748 3374 1081 3457 communicativus,
1100 3385 1140 3447 et
1155 3376 1304 3447 transiti-

206 3509 281 3570 vus,
299 3497 337 3558 et
362 3488 664 3581 multiplicativae,
682 3489 774 3559 siout
795 3497 833 3558 et
858 3488 942 3571 ille;
968 3498 1080 3581 atque
1097 3491 1229 3562 effectu
1251 3491 1303 3582 (ut

205 3602 414 3694 plurimum)
442 3606 679 3686 consentiunt,
705 3604 790 3675 licet
820 3604 996 3675 efficiendi
1026 3607 1136 3676 modo
1163 3616 1203 3676 et
1228 3606 1304 3677 sub·

199 3718 299 3809 jecto
332 3720 508 3791 differant.
562 3720 689 3790 Motus
723 3723 818 3791 enim
853 3718 1119 3791 assimihrtioois
1149 3722 1304 3815 procedit

240 3969 266 4009 ⁸⁸
284 3970 440 4026 liacouwaa
458 3973 507 4027 full
523 3973 612 4028 citha
629 3973 734 4027 olddl·
775 3991 843 4027 were
858 3973 904 4028 the
919 3973 982 4028 roth
1000 3973 1108 4029 nottho
1122 3975 1188 4030 rrtlr
1205 3971 1308 4029 kiudol

204 4047 317 4103 chemiat
333 4049 414 4105 belief
429 4051 511 4106 about
528 4051 574 4108 the
591 4053 734 4123 prolonga·
776 4052 880 4107 Motus.

204 4127 261 4181 tion
279 4127 310 4181 oi
330 4127 394 4182 Life.
430 4129 494 4184 And
515 4130 558 4184 ior
577 4130 686 4184 himself
700 4130 734 4185 be
810 4129 835 4169 ⁹⁰
861 4130 919 4185 The
942 4129 1076 4202 tendeucy
1096 4141 1126 4186 to
1149 4133 1235 4187 excito
1256 4127 1305 4185 aud

204 4207 733 4278 wasextremelylaucifulaboutflealth.
775 4208 873 4264 diffuse
896 4227 913 4263 a
932 4209 1044 4281 quality,
1063 4227 1094 4264 aa
1116 4210 1190 4266 Heat
1213 4212 1236 4266 is
1259 4208 1305 4264 dil-

205 4283 250 4338 Hs
269 4285 328 4339 ulla
347 4303 381 4339 us
398 4304 479 4357 many
496 4286 584 4342 cibis
605 4288 735 4342 favourite
775 4287 863 4352 ἱιιιοᾶ,
883 4305 915 4342 or
932 4305 962 4342 ss
982 4288 1029 4342 the
1049 4300 1162 4360 maguet
1185 4291 1258 4362 givos
1279 4296 1305 4341 to

204 4363 311 4417 actions
323 4382 353 4418 as
370 4374 398 4418 to
415 4364 477 4429 diet,
490 4366 538 4419 dic.
554 4366 584 4420 in
594 4366 641 4421 the
655 4365 735 4438 Sylva
774 4367 833 4421 iron
852 4368 886 4421 its
902 4383 963 4420 orm
975 4366 1098 4438 qualitics
1110 4367 1226 4424 without
1240 4365 1308 4423 saed

206 4439 357 4512 Sylvarum.
773 4445 862 4517 lesing
874 4444 957 4501 them.

240 4519 265 4558 ⁸⁹
284 4520 373 4575 Baeon
397 4520 459 4576 here
480 4523 576 4593 speaks
592 4541 622 4577 aa
640 4521 663 4576 il
680 4521 734 4577 this
