2708 5226
424 547 513 613 LIB.
534 548 582 614 11.
600 568 651 632 24,
666 567 717 636 25.
1053 554 1118 619 205

10 707 60 778 At
88 709 229 779 vitrum
265 709 451 783 calendare
484 712 577 786 olere
612 714 768 786 ostendit
798 715 1050 808 expansionem
1079 718 1118 787 in

10 827 98 910 aire,
125 834 167 897 et
195 829 435 919 conspicuam,
464 839 502 901 et
530 830 825 926 progredientem,
854 840 893 902 et
919 832 1117 918 durantem,

11 964 128 1035 neque
144 951 407 1016 transeuntem.

60 1059 212 1144 Rursus,
231 1061 388 1154 exempli
413 1063 536 1157 gratia,
554 1063 601 1135 sit
622 1073 748 1135 natura
772 1065 950 1158 inquisita,
969 1065 1117 1158 pondus.

10 1173 190 1248 Instantis
224 1177 393 1249 othonna
429 1179 594 1272 ponderis
631 1190 686 1251 est
725 1188 913 1275 argentum
948 1181 1067 1251 vivum
1077 1178 1116 1252 ⁵³.

12 1289 146 1364 Omnia
163 1293 263 1364 enim
286 1303 429 1387 superat
451 1296 609 1388 pondere
631 1319 761 1391 magno
777 1295 973 1380 intervallo,
991 1307 1119 1390 praeter

10 1433 161 1490 aurumi
189 1411 286 1504 quod
311 1436 382 1484 non
407 1413 522 1485 multo
545 1417 686 1508 gravius
703 1427 768 1486 est.
820 1412 873 1484 At
896 1416 1117 1507 prestantior

11 1527 183 1598 instantia
200 1530 317 1599 estad
335 1529 559 1601 indicandam
578 1531 728 1601 formam
745 1530 911 1623 ponderis
927 1538 1116 1624 argentum

11 1643 145 1724 virum,
164 1666 272 1735 quam
293 1668 440 1728 aurum;
466 1649 551 1738 quia
572 1670 698 1718 aurum
721 1645 874 1717 solidum
898 1655 962 1731 est,
980 1656 1018 1717 et
1036 1669 1119 1717 oon-

10 1759 150 1841 sistens,
169 1760 264 1853 quod
290 1783 403 1855 genus
427 1763 550 1834 referri
567 1763 710 1834 videtur
733 1763 779 1833 ad
804 1763 974 1849 densum;
1000 1772 1039 1834 et
1064 1785 1119 1834 ar-

10 1883 163 1970 gentum
197 1876 318 1947 vivum
353 1878 530 1970 liquidum
564 1887 629 1961 est,
661 1888 700 1949 et
734 1887 880 1974 turgens
914 1881 1050 1973 spiritu,
1079 1888 1118 1950 at

11 2000 135 2062 temen
159 1992 285 2065 multis
310 1995 469 2086 partibus
496 2002 670 2086 exuperat
693 1996 869 2088 gravitate
890 1996 1117 2079 diamantem‚

10 2116 49 2178 et
77 2130 121 2179 ea
147 2132 226 2201 quae
254 2119 427 2202 putantur
454 2110 677 2181 solidissima.
730 2109 788 2180 Ex
810 2134 882 2203 quo
908 2112 1119 2194 ostenditur,

11 2223 162 2295 formam
184 2227 310 2321 gravia
335 2228 409 2299 sive
433 2226 633 2319 ponderosi,
652 2225 827 2296 dominari
850 2225 1060 2321 simpliciter
1081 2229 1119 2297 in

10 2344 111 2435 eopia
128 2344 295 2426 materiae,
313 2354 352 2414 et
369 2367 441 2414 nou
459 2345 496 2414 in
515 2351 614 2413 areta
631 2339 851 2436 compageffl.

499 2525 629 2600 XXV.

57 2642 158 2715 Inter
174 2645 421 2738 praerogativas
438 2645 689 2716 instantiarum
708 2667 885 2737 ponemus
902 2651 1030 2736 quarto
1043 2642 1121 2716 loeo

10 2762 192 2834 instantias
215 2758 453 2847 chrodesinta,
471 2785 562 2854 quas
586 2762 694 2833 etiam
720 2763 908 2838 instantius
930 2761 1122 2862 arspusenli

9 2879 187 2975 appellare
222 2879 470 2950 consuevimus
479 2875 519 2950 ⁵⁵.
587 2878 649 2950 Eae
683 2891 769 2953 suut
802 2882 917 2954 veluti
952 2882 1120 2978 oppositae

12 2998 189 3071 inauratiis
220 2995 409 3069 ostensivis.
461 2996 648 3069 Exhibeat
681 3001 779 3070 enim
811 3010 976 3072 naturam
1007 3000 1123 3092 inqui-

12 3117 117 3188 sitam
143 3117 180 3186 in
206 3113 329 3185 infima
345 3114 492 3197 virtute,
514 3123 552 3184 et
575 3124 743 3208 tanquam
768 3116 805 3185 in
830 3116 1064 3200 incunabulis,
1082 3125 1120 3186 et

13 3231 226 3305 rudimentis
252 3230 345 3313 suis;
369 3239 584 3315 tentantem,
611 3240 649 3302 et
676 3240 844 3325 tanquam
870 3235 985 3326 primo
1011 3255 1121 3325 expe·

48 3494 179 3550 ‘i'lliis
172 3512 195 3548 is
214 3502 262 3547 not
280 3509 296 3546 a
313 3491 384 3564 good
405 3493 546 3555 lastanee3
587 3490 646 3544 -is
670 3508 706 3544 an
729 3491 858 3545 ucellmt
877 3508 944 3555 one;
970 3490 1024 3545 and
1046 3491 1120 3546 lende

13 3574 55 3630 ior
80 3573 155 3646 g‚old
177 3571 301 3627 nhieh'
294 3589 317 3626 is
346 3571 453 3626 hearier
482 3569 547 3624 than
589 3567 681 3623 Baeon
706 3577 734 3622 to
759 3567 805 3622 the
828 3579 929 3623 comet
952 3568 1044 3630 result,
1068 3568 1120 3622 vin

14 3653 185 3726 quidudum,
205 3653 261 3706 also
279 3651 402 3706 becomes
426 3649 492 3703 lluid
511 3649 597 3721 by‘
599 3645 750 3719 ‘liquidum
767 3655 794 3702 et
811 3646 959 3701 ωυιίιιευε
982 3663 1041 3700 ease
1069 3660 1119 3701 no-

14 3729 272 3803 theapplieationoi
283 3729 369 3793 Heat;
388 3727 547 3801 andquich·
587 3726 674 3781 tiones
686 3735 790 3780 tantum
803 3725 928 3797 plebeias,
933 3725 1010 3780 &o.”

14 3810 116 3868 eilver'
110 3828 134 3866 ia
152 3808 222 3864 solid
238 3807 402 3864 atacertein
417 3815 547 3878 tempera·
625 3804 717 3860 “This
742 3806 811 3860 class
831 3804 862 3858 oi
884 3803 1052 3859 Instances
1045 3821 1069 3858 is
1092 3804 1124 3860 ol

13 3898 82 3947 ture.
588 3895 663 3956 great
679 3902 736 3948 use,
749 3882 857 3954 being,
850 3901 880 3938 in
896 3883 959 3947 ieet,
971 3883 1121 3956 frequently

48 3965 328 4023 Μ“(1ουιίυιιιίἰυ.”
363 3964 430 4018 Thia
451 3963 548 4036 phrase
589 3981 625 4020 υο
636 3963 713 4019 other
723 3961 790 4017 than
801 3962 859 4018 that
871 3962 903 4018 ol
917 3969 1027 4017 atrine
1038 3979 1120 4028 omes

14 4066 100 4104 seems
119 4061 148 4103 to
166 4046 234 4101 refer
250 4054 278 4099 to
292 4043 407 4099 Bacon’s
424 4061 502 4098 name
520 4045 551 4099 oi
589 4041 683 4108 which,
700 4042 738 4113 by
749 4042 855 4114 placing
872 4060 923 4097 our
941 4042 1120 4106 conclusione,

15 4126 241 4182 Predominartes
261 4124 416 4189 Instantiae,
446 4125 547 4180 “rules
589 4139 618 4176 aa
631 4121 741 4186 itinere,
753 4121 1120 4184 inviolentciraumstances,

14 4206 107 4261 orer.”
590 4210 632 4273 try
649 4201 719 4256 their
743 4207 852 4272 temper,
874 4200 927 4255 and
951 4199 1031 4272 bring
1050 4198 1122 4255 their

48 4284 75 4324 ⁸⁵
92 4283 183 4339 These
211 4280 381 4337 clandestine
410 4280 548 4336 lustances
589 4280 685 4352 vigour
702 4280 759 4334 into
776 4279 857 4335 test.”
889 4277 1044 4334 Harschel's
1057 4277 1120 4332 Dis·

13 4380 57 4418 are
77 4361 126 4417 the
147 4360 313 4432 eontraryof
330 4359 376 4414 the
394 4360 454 4414 last.
490 4359 548 4414 Tlie
589 4377 691 4423 course,
706 4361 793 4430 §193.
828 4355 1121 4431 Theyrrillbechiedy

14 4439 164 4496 “’Nature'
177 4438 448 4510 soughtiorisinits
460 4439 547 4493 nsah-
589 4436 957 4510 applicable,then,aiterour
965 4435 1121 4491 conclusion

14 4519 122 4577 ertand
140 4525 214 4573 most
230 4517 367 4588 imperfect
379 4525 454 4572 state.
490 4517 548 4572 'l'he
589 4517 717 4573 hasbeen
728 4515 832 4573 arrived
843 4525 879 4572 at.

15 4595 548 4656 illustration-olthecohesionoiduids
