2708 5226
553 543 802 609 INDEX.

125 703 213 761 Poros
226 703 334 762 habent
346 705 391 763 vel
406 706 575 764 solidissima
589 727 717 784 corpora,
733 726 803 784 ³¹9·

124 801 301 859 Postulstum
315 802 557 868 mathematicum,
576 821 641 879 227.

124 897 255 957 Potentia
267 898 331 965 Dei,
345 918 397 974 per
413 899 622 975 philosophiam
643 902 799 960 naturalem
821 902 971 971 declarata,
987 903 1035 978 87.
1065 904 1223 970 hominum,

164 1015 202 1053 sc
222 997 370 1072 generatio
391 1016 529 1055 novarum
553 1008 728 1067 naturarum,
757 1016 824 1075 252,
841 1017 851 1057 2
857 1017 904 1075 33.
936 1002 1028 1059 adhuc
1049 1002 1223 1078 imperfecta,

167 1093 235 1167 136.
257 1101 287 1151 et
301 1094 418 1152 scientia
430 1094 604 1170 amplificant
618 1114 675 1153 non
690 1096 786 1162 beant,
802 1095 872 1171 316.
894 1098 1036 1174 augenda,
1052 1099 1122 1171 326.

123 1190 301 1269 Praeceptum
316 1191 352 1249 de
366 1193 550 1268 generatione
562 1212 645 1252 noste
659 1202 777 1261 natura,
792 1193 859 1268 138.

123 1286 323 1363 Praerogativae
337 1289 545 1358 instantiarum,
559 1291 617 1349 vid.
629 1293 774 1349 instantia.

123 1384 249 1443 Praxeos
263 1386 331 1445 uitia
344 1387 410 1456 duo,
427 1403 497 1464 227.

122 1482 251 1541 Primum
265 1484 378 1550 mohile,
395 1485 441 1560 56.

123 1581 268 1656 Principes
282 1582 448 1658 plerumque
462 1582 643 1641 mediocriter
656 1583 744 1650 docti,
762 1586 809 1660 89.

122 1678 281 1747 Probabile,
295 1698 355 1737 non
368 1698 477 1749 verum,
492 1680 631 1755 ephectici
644 1690 810 1756 sequuntur,
826 1699 875 1756 52.

122 1775 276 1834 Ρ22222222
289 1775 390 1843 latens,
410 1796 419 1835 2
426 1795 473 1851 33.
487 1795 498 1833 2
503 1793 520 1849 3
525 1791 553 1853 5.
568 1795 635 1851 142.
672 1779 786 1837 adeum
801 1779 908 1836 ducunt
921 1779 1064 1837 instantias
1079 1780 1140 1845 via,
1157 1796 1192 1855 27
1202 1798 1224 1836 2.

122 1872 240 1931 Proclus
254 1874 455 1932 mathematica
467 1877 592 1952 corrupit
606 1876 823 1952 philosophiam,
839 1895 889 1953 94.

121 1970 314 2046 Proprietates
327 1969 455 2037 occulta,
469 1985 520 2047 47.

121 2067 305 2143 Protagoras,
321 2067 458 2143 sophista,
474 2084 522 2144 52.
538 2082 588 2145 57.

122 2164 278 2223 Prudentia
291 2165 380 2223 civilis
393 2183 430 2222 ex
444 2166 608 2241 praescripto
622 2165 732 2232 diffidit,
747 2183 798 2241 90.

122 2260 228 2320 Pulmo
243 2263 378 2329 marinus,
397 2262 464 2322 160.

122 2359 252 2418 Pulveris
265 2361 338 2437 pyrii
350 2361 503 2437 inquisitio,
522 2378 590 2439 249,
608 2379 676 2438 252.

122 2457 295 2517 Putreiactio
310 2460 338 2517 in
354 2479 385 2517 22
401 2459 489 2517 habet
502 2460 662 2519 rudimenta
680 2460 791 2529 caloris,
810 2477 875 2534 272.
907 2460 936 2516 in
951 2459 1118 2518 animalcula
1137 2460 1223 2518 solvi-

163 2565 220 2625 tur,
235 2557 271 2614 il.
294 2566 338 2616 est
352 2558 499 2634 generatio
513 2560 611 2617 forma
625 2578 717 2624 novas,
734 2559 803 2636 298.

123 2655 233 2730 Ργπὴο
247 2664 277 2714 et
291 2656 450 2731 Rphectici,
464 2674 514 2732 52.

124 2753 296 2830 Pythagoraa
310 2753 474 2831 superstitio
487 2773 591 2824 crassa,
606 2772 655 2831 45.
670 2754 720 2832 58.
742 2754 987 2831 peregrinationes
1000 2755 1071 2828 ejus,
1086 2753 1135 2811 60.

122 3044 284 3115 Qualitstes
296 3045 404 3121 primae,
418 3063 468 3122 47.

122 3142 231 3212 Quanti
244 3142 395 3209 instantiae,
413 3143 482 3219 287.

121 3240 269 3310 Quantum
282 3239 446 3307 cosmicum,
462 3240 532 3300 288.

121 3337 212 3407 Quies
225 3345 255 3395 et
267 3346 372 3404 motus,
390 3356 424 3411 25
429 3357 458 3413 3.
482 3339 648 3410 2221122222,
664 3358 735 3415 314·

654 3537 689 3592 R.

121 3632 260 3692 Radicnm
275 3641 305 3691 et
319 3652 463 3692 ramorum
476 3634 670 3701 conformitas,
687 3650 754 3704 214.

122 3730 205 3788 Radii
218 3731 342 3796 lunares,
361 3747 428 3806 153.
450 3731 567 3796 solares,
585 3749 654 3806 150.
672 3747 740 3807 254,
759 3749 766 3787 2
774 3743 823 3806 55.
848 3749 899 3806 per
913 3729 1028 3806 specula
1041 3731 1226 3802 comburunt,

167 3839 233 3903 ¹77·

122 3923 236 3981 Raritas
248 3923 464 3989 elementorum,
474 3924 536 3999 ejus
550 3922 669 3999 decupla
682 3923 838 3999 proportio,
856 3937 903 3998 25.
925 3942 942 3980 a
956 3923 1049 3981 forma
1061 3924 1165 3984 caloris
1179 3943 1224 3983 re-

159 4018 266 4094 jicitur,
286 4019 351 4093 187.
372 4027 402 4077 et
415 4018 551 4085 densitas,
569 4019 638 4094 264.

122 4115 259 4175 Rationes
273 4115 355 4174 densi
368 4124 398 4174 et
412 4116 477 4181 rari,
495 4116 562 4189 264,
580 4115 617 4174 26
618 4130 648 4194 5.

123 4213 253 4273 Rationis
267 4215 399 4272 humanas
413 4212 579 4290 redargutio
592 4213 646 4271 sihi
659 4213 806 4289 permissa,
824 4231 891 4269 110.

122 4314 263 4372 Retlectio
276 4322 307 4372 et
320 4312 452 4371 retractio
464 4311 618 4379 radiorum,
638 4325 703 4388 25ο.
722 4329 730 4369 2
738 4324 789 4388 54,
803 4329 813 4368 2
820 4324 836 4387 5
841 4326 869 4386 5.

122 4413 256 4490 Regnum
271 4411 325 4470 Dei
339 4431 397 4469 non
411 4411 489 4468 venit
503 4429 567 4468 curn
582 4409 790 4476 observatione,
805 4427 856 4484 92.

122 4508 367 4574 Reverberatoria,
391 4519 451 4582 252.
