2708 5226
212 576 279 647 294
535 573 709 641 NOVUM
737 566 996 640 ORGANUM.

208 739 301 808 inest
328 738 414 831 ipsis
440 738 478 808 iu
501 737 614 831 gradu
642 749 811 832 tanquam
834 736 977 822 intimo,
1004 746 1049 810 et
1078 738 1206 834 prodit
1231 737 1317 809 sein

208 853 463 947 experimentis
488 852 674 947 plurimis;
704 854 795 926 sient
819 854 858 925 in
885 850 1012 940 bullis,
1040 857 1082 927 iu
1108 855 1316 927 rotunditate

207 978 405 1064 guttarum,
432 970 470 1039 in
495 969 566 1041 filis
591 970 811 1042 tennioribus
836 969 1123 1056 stillicidiorum,
1150 980 1191 1043 et
1213 973 1249 1042 in
1270 992 1314 1042 se·

209 1085 389 1178 qnacitote
417 1107 604 1178 eorpomm
633 1083 905 1180 glutinosornm,
933 1095 977 1157 et
1007 1086 1201 1180 ejusmodi
1249 1083 1312 1157 Sei

209 1203 366 1272 maxime
391 1201 552 1271 omnium
577 1223 616 1272 se
640 1199 797 1272 ostendit
819 1203 1014 1293 appetitus
1034 1203 1117 1286 iste,
1136 1204 1167 1274 si
1184 1202 1310 1274 diseun-

210 1318 362 1388 tinuatio
384 1324 546 1388 tentem
568 1338 680 1408 usque
705 1317 750 1387 sd
776 1315 971 1389 finctiones
996 1320 1171 1391 muoroe.
1223 1310 1309 1389 Nur

209 1435 247 1504 in
264 1432 448 1515 mortariis,
467 1440 548 1525 poet
564 1432 811 1503 oontusionem
833 1432 880 1503 ad
898 1442 1042 1505 eertum
1066 1434 1232 1530 gradum,
1248 1456 1309 1504 nou

209 1547 362 1641 amplius
385 1555 550 1640 operatur
565 1545 762 1638 pistillum:
787 1566 879 1640 aqua
904 1572 980 1620 non
1006 1551 1192 1622 subintrat
1214 1551 1309 1621 rimm

209 1665 383 1736 minores:
409 1663 494 1755 quin
511 1673 550 1732 et
566 1665 641 1757 ipse
658 1673 731 1749 aer,
747 1687 819 1735 non
836 1665 1007 1738 obstante
1024 1666 1229 1739 subtilitate
1244 1684 1308 1738 eor·

209 1780 303 1872 poris
327 1780 446 1870 ipsius,
463 1800 567 1870 poros
583 1800 745 1850 vasorum
771 1779 880 1873 paolo
903 1778 1120 1853 solidiorum
1144 1802 1219 1854 uon
1240 1804 1308 1877 per·

209 1896 336 1965 transit
352 1892 482 1977 subito,
497 1915 566 1964 neo
583 1896 649 1965 nisi
670 1916 734 1987 per
750 1895 959 1967 diuturnam
976 1897 1266 1971 insinuationm

260 2004 328 2098 (6.)
353 2005 411 2077 Sit
432 2017 552 2079 motus
574 2016 708 2088 textus,
725 2018 844 2077 motus
861 2023 972 2098 quem
996 2010 1308 2082 nominamusmo·

210 2133 289 2195 tum
312 2121 361 2194 od
379 2120 617 2207 laetamine
642 2132 782 2194 motum
798 2121 1005 2218 indipratr'm
1013 2118 1055 2196 ⁷⁵.
1111 2123 1151 2198 Is
1174 2136 1240 2212 est,
1254 2144 1307 2220 pm

209 2261 317 2334 quem
334 2262 489 2333 corpora,
508 2237 650 2331 quando
665 2247 850 2311 versantur
873 2240 974 2311 inter
995 2239 1107 2334 plane
1132 2238 1306 2337 heteroge-

209 2377 277 2426 neo
302 2364 340 2426 et
365 2356 463 2449 qnasi
489 2355 644 2438 inimica,
661 2354 690 2425 si
707 2354 801 2425 forte
825 2355 1079 2427 muciscantnr
1098 2357 1240 2452 eopism
1254 2364 1306 2429 aut

210 2471 501 2543 commoditatem
528 2470 685 2541 evitandi
715 2469 777 2541 illa
802 2469 1057 2566 heterogonea,
1073 2481 1183 2546 etse
1210 2471 1307 2568 appll-

210 2587 312 2658 cundi
340 2587 384 2656 ad
416 2587 528 2680 magis
558 2595 718 2679 cognata,
736 2585 835 2679 (lieet
862 2585 926 2657 illa
951 2588 1029 2680 ipsa
1054 2600 1211 2684 cognata
1234 2588 1307 2661 talia

210 2707 353 2787 inerint,
371 2727 449 2795 qnae
467 2725 538 2773 non
556 2703 712 2774 habeant
728 2713 865 2774 aretum
883 2726 1099 2777 eonsensum
1120 2728 1205 2780 cnm
1222 2709 1306 2802 ipss)

211 2833 331 2890 temen
350 2820 471 2889 statim
489 2840 532 2888 ea
548 2819 825 2912 amplectuntur,
842 2829 880 2889 et
897 2828 1071 2914 tanquam
1090 2826 1231 2916 potiora
1246 2846 1307 2894 mn·

211 2934 311 3018 lunt;
337 2944 375 3004 et
400 2935 488 3004 lucri
515 2933 593 3004 loco
617 2934 726 3023 (unde
751 2933 965 3006 vooobnlum
992 2942 1227 3034 sumpsimus)
1250 2940 1306 3010 hoc

210 3072 343 3143 ponere
376 3051 552 3132 videntur,
587 3060 756 3142 tanquam
790 3050 915 3121 talium
957 3071 1150 3148 corporum
1190 3058 1305 3151 indign

211 3163 380 3257 Exempli
405 3167 538 3260 gratia:
565 3188 702 3248 aurum,
719 3177 783 3237 ant
807 3166 903 3237 aliud
930 3169 1125 3241 metallum
1145 3172 1306 3253 foliatum,

211 3306 282 3353 non
301 3280 500 3352 delectatur
516 3290 597 3352 atre
615 3283 837 3354 circumfuso.
889 3280 1024 3377 Itaque
1048 3289 1077 3357 si
1104 3310 1235 3383 eorpus
1256 3287 1306 3360 ali

211 3400 304 3490 quod
324 3397 495 3492 tangibile
512 3409 550 3468 et
568 3418 722 3468 erassum
740 3399 971 3482 nanciscatur,
992 3403 1050 3492 (nt
1074 3404 1243 3499 digitum,
1259 3424 1305 3498 pn

124 3602 127 3607 ι
211 3540 348 3608 pyrum,
367 3515 505 3606 quidvis
527 3513 639 3603 alind)
656 3511 812 3584 adhaeret
834 3513 968 3600 statim,
986 3540 1055 3588 neo
1078 3519 1189 3592 facile
1212 3517 1305 3592 divel-

212 3633 308 3702 litur.
361 3631 481 3702 Etiam
506 3652 668 3723 papyrus,
687 3640 750 3702 sut
775 3652 923 3723 pannus,
946 3642 985 3703 et
1009 3633 1230 3727 hujusmodi,
1248 3655 1304 3708 non

130 3746 135 3757 '
212 3748 304 3819 hene
330 3771 368 3818 se
393 3748 528 3819 hahent
551 3769 634 3818 oum
660 3757 752 3829 atre,
770 3749 829 3841 qui
854 3748 1026 3820 inseritur
1049 3760 1089 3823 et
1113 3757 1304 3825 commistus

213 3874 267 3933 est
300 3865 336 3932 in
372 3865 527 3956 ipsorum
563 3865 667 3955 poris.
719 3862 846 3956 Itaque
878 3886 1009 3956 aquam
1045 3877 1113 3939 aut
1147 3869 1302 3964 llqumem

248 4102 274 4144 Ν
285 4103 343 4157 'lhe
354 4105 493 4158 motionol
503 4104 675 4169 Preierence3
691 4104 709 4160 i.
717 4124 741 4160 e.
782 4105 865 4170 thaso,
890 4123 921 4160 or
945 4109 977 4163 oi
999 4108 1139 4185 capillory
1161 4110 1303 4170 Am

213 4183 258 4237 the
275 4180 406 4253 tendency
424 4182 516 4237 bodies
534 4183 601 4237 have
619 4189 650 4238 to
668 4185 742 4239 unite
782 4184 846 4238 with
864 4183 953 4240 which
973 4187 1007 4242 he
1027 4207 1116 4246 seems
1135 4198 1167 4248 to
1184 4184 1304 4247 matut

213 4260 277 4314 with
295 4277 369 4313 some
389 4261 545 4315 substances
567 4261 656 4316 rather
676 4264 742 4316 than
783 4263 836 4317 this
848 4263 958 4319 elective
970 4268 1075 4340 quality
1086 4270 1119 4324 oi
1129 4270 1237 4326 Mutter.
1258 4267 1304 4322 'lbt

212 4337 311 4393 others.
341 4336 435 4391 Under
453 4338 507 4392 this
521 4338 589 4393 head
606 4338 693 4411 might
708 4340 743 4394 be
783 4340 828 4397 old
840 4350 940 4412 system
957 4344 989 4398 oi
995 4345 1180 4418 .Symputhies
1196 4346 1303 4404 audio·

213 4414 491 4488 placedullChemical
501 4417 741 4490 himiliet-(ag.
782 4420 906 4491 tipathies
935 4418 992 4477 bad
1024 4435 1100 4496 great
1128 4427 1228 4499 vergis
1254 4420 1303 4478 n‘th

213 4497 272 4550 that
284 4494 314 4548 oi
322 4494 436 4565 Orygen
449 4495 477 4548 in
489 4495 590 4551 theAir
601 4497 643 4551 ior
655 4497 741 4566 Iron.)
782 4497 855 4554 him:
874 4498 981 4572 though
993 4502 1092 4560 berrue
1103 4522 1190 4561 avare
1201 4505 1232 4561 oi
1239 4516 1304 4570 mi

215 4575 306 4629 Bacon
325 4573 355 4627 oi
374 4590 467 4628 course
488 4575 566 4628 knew
583 4576 697 4647 nothing
714 4577 746 4631 oi
782 4577 814 4631 oi
822 4575 868 4632 the
879 4576 987 4635 dream
1000 4583 1149 4640 connected
1162 4583 1303 4641 muso.
