2708 5226
211 556 278 618 244
540 547 714 616 Novum
736 547 984 616 oneaNUM.

208 721 282 790 rim
308 718 449 799 faciant,
475 723 513 787 et
539 716 740 788 obscuriora
765 716 906 802 malint)
933 714 1044 787 talem
1071 737 1154 788 esse
1179 725 1310 786 motum

208 839 319 908 istum
352 835 398 905 ad
432 854 585 915 sensum,
613 832 755 924 qualem
785 832 961 902 diximus:
987 832 1091 923 eujus
1122 831 1311 926 imaginem

210 975 274 1045 per
293 950 354 1021 iila
370 949 485 1020 ferrea
501 944 630 1036 (veluti
653 947 690 1016 in
713 946 891 1041 maehina)
908 946 1104 1038 aliquando
1127 971 1312 1042 represso

210 1068 277 1139 tari
296 1066 457 1136 fecimus.

261 1179 402 1253 Verum
419 1177 586 1249 imtantio
603 1176 716 1249 mou
731 1200 838 1270 super
859 1176 928 1248 hoo
952 1178 1160 1271 subiectum
1187 1184 1312 1274 poterit

152 1288 155 1293 ’
210 1319 288 1370 esse
304 1295 396 1367 talis.
447 1293 485 1364 Si
509 1294 711 1363 inveniatur
736 1293 773 1361 iu
798 1291 918 1384 aliqua
940 1291 1091 1365 historia
1108 1295 1183 1368 fide
1199 1297 1312 1392 digna,

210 1411 319 1482 fuisse
342 1418 521 1481 cometam
543 1407 708 1499 aliquem,
726 1406 782 1477 vel
800 1406 1057 1491 sublimiorem,
1075 1408 1135 1480 rel
1151 1410 1312 1482 humilio·

210 1549 297 1607 rem,
315 1527 376 1617 qui
402 1547 474 1594 non
499 1524 670 1594 mtaverit
694 1546 778 1593 oum
804 1546 978 1594 consensu
1002 1526 1198 1597 manifesto
1218 1526 1312 1617 (boet

210 1642 402 1713 admodum
426 1637 680 1734 irregulariter)
698 1645 817 1709 motus
841 1638 970 1722 diurni,
988 1640 1051 1710 sod
1078 1643 1202 1733 potius
1226 1652 1313 1712 rota-

211 1759 303 1827 verit
319 1757 357 1827 in
375 1757 590 1827 eontrarium
608 1753 710 1836 coeli3
735 1763 813 1823 tum
831 1765 929 1827 certe
949 1755 1139 1847 hueusque
1154 1758 1313 1849 judium·

212 1871 299 1941 dum
320 1880 385 1954 est,
402 1893 503 1963 posse
528 1892 605 1942 esse
630 1871 668 1939 in
694 1878 821 1941 natura
844 1869 1001 1962 aliquem
1027 1871 1141 1943 talem
1165 1883 1311 1944 motum.

212 1987 277 2059 Sin
303 1986 392 2058 nihil
417 1987 621 2080 hujusmodi
646 1987 859 2070 inveniatur,
876 1986 1060 2060 habendus
1077 2000 1135 2060 est
1158 2013 1224 2083 pro
1244 2013 1312 2062 sus·

211 2112 328 2196 pecto,
345 2112 383 2175 et
405 2104 450 2174 ad
473 2103 561 2174 alias
577 2102 762 2175 instantias
779 2103 892 2174 mois
909 2104 1002 2175 oiroa
1021 2105 1093 2176 hoo
1109 2108 1313 2202 confugien-

212 2221 310 2292 dum.

255 2339 320 2430 (3.)
339 2336 525 2423 Similiter,
537 2338 584 2407 sit
597 2346 725 2408 natura
735 2338 912 2430 inquisita,
924 2340 1065 2431 pondus
1076 2342 1155 2414 sive
1167 2338 1311 2435 grenan.

212 2451 357 2524 Bivium
380 2453 474 2524 eirea
496 2452 587 2524 hano
610 2461 773 2524 naturam
795 2453 868 2525 tale
891 2465 956 2525 est.
1010 2454 1174 2528 Necesse
1195 2468 1260 2542 est,
1276 2466 1312 2528 ut

211 2570 333 2662 gravia
349 2579 387 2639 et
404 2568 602 2661 ponderosa
620 2568 675 2641 vel
694 2568 846 2639 tendant
864 2593 909 2639 ex
927 2581 1055 2640 natura
1080 2595 1145 2642 sua
1168 2573 1213 2643 ad
1237 2597 1313 2644 eeu·

214 2694 308 2754 trum
340 2694 450 2766 terrae,
480 2706 545 2776 per
574 2685 753 2777 proprium
787 2685 1105 2773 schematismum3
1132 2691 1191 2761 vel
1225 2701 1265 2762 ut
1294 2713 1311 2760 a

212 2823 326 2871 massa
347 2822 515 2893 corporea
540 2801 648 2891 ipsius
674 2809 783 2879 terne,
801 2809 969 2892 tanquam
995 2825 1017 2872 a
1042 2809 1311 2901 congregatione

212 2941 398 3009 corporum
423 2916 716 3000 connaturalium,
742 2919 968 2989 attrahantur
991 2931 1031 2992 et
1060 2925 1255 3017 rapiantur,
1279 2934 1311 2994 et

212 3034 257 3104 ad
283 3056 362 3104 eam
388 3056 452 3126 per
477 3056 684 3104 consensum
703 3035 872 3105 ferantur.
924 3035 980 3106 At
997 3041 1177 3129 posterius
1199 3042 1266 3113 hoe
1285 3040 1309 3110 si

213 3151 249 3219 in
276 3172 380 3220 causa
404 3151 460 3232 sit,
478 3152 647 3242 sequitur,
665 3161 707 3220 ut
725 3174 797 3242 quo
821 3154 963 3244 propius
986 3157 1109 3246 gravia
1131 3159 1310 3251 appropin-

213 3280 324 3361 quant
353 3269 398 3338 ad
430 3279 569 3350 terram,
600 3293 643 3339 eo
673 3270 799 3340 fortius
829 3282 867 3342 et
897 3273 1030 3364 majora
1061 3299 1146 3346 oum
1182 3280 1308 3371 impetu

215 3385 375 3456 ferantur
390 3385 434 3454 ad
453 3406 553 3468 eam3
579 3408 650 3475 quo
668 3384 807 3478 longius
830 3387 875 3457 ab
898 3410 941 3458 ea
963 3388 1092 3472 absint,
1111 3392 1264 3464 debilius
1278 3401 1308 3462 et

214 3504 356 3584 tardius,
375 3506 432 3588 (ut
450 3501 490 3569 fit
514 3501 550 3568 in
575 3503 845 3573 attractionibus
869 3507 1095 3598 magnetiois)
1114 3509 1227 3602 idque
1243 3509 1306 3579 lieri

213 3619 306 3688 intra
332 3619 486 3710 spatium
516 3625 676 3700 certum3
701 3618 791 3689 adeo
818 3627 858 3688 ut
883 3622 911 3690 si
938 3619 1106 3714 elongata
1135 3626 1267 3697 fuerint
1290 3645 1306 3691 a

214 3742 307 3802 terra
333 3731 395 3802 tali
426 3733 601 3816 distantia,
629 3743 670 3802 ut
696 3735 806 3804 virtus
837 3743 940 3805 terrae
970 3739 1007 3806 iu
1037 3761 1081 3808 ea
1110 3763 1219 3834 agera
1247 3762 1304 3810 nou

214 3850 332 3940 possit,
351 3848 498 3940 pensilia
521 3872 686 3920 mansura
709 3853 791 3933 sint,
808 3860 851 3921 ut
874 3862 913 3924 et
936 3853 1011 3946 ipsa
1035 3863 1141 3939 terra,
1159 3881 1226 3929 nee
1243 3879 1306 3928 om·

215 3965 300 4034 nino
318 3964 496 4035 derasum.

266 4076 393 4171 Itaque
423 4080 503 4150 talis
533 4083 626 4153 oiroa
652 4082 743 4153 hane
772 4107 848 4155 rem
878 4087 1011 4178 poterit
1042 4111 1120 4161 esse
1152 4088 1304 4163 instantia

252 4334 276 4374 ¹³
288 4335 407 4407 vaity.
443 4336 482 4389 Aa
495 4337 535 4390 far
548 4355 577 4392 as
595 4338 637 4393 his
650 4339 743 4394 know·
783 4341 882 4406 nmis,
901 4341 954 4396 and
972 4343 1018 4398 the
1035 4362 1094 4417 way
1111 4347 1140 4400 in
1160 4347 1245 4402 which
1264 4346 1303 4401 bo·

214 4413 291 4485 ledge
309 4424 387 4478 went,
407 4414 522 4469 Bncou’s
541 4418 647 4472 notions
666 4437 696 4473 as
715 4429 744 4474 to
785 4419 841 4474 dies
862 4420 951 4475 would
975 4421 1084 4479 bonomo
1106 4424 1302 4496 “penalia''ir

215 4493 318 4564 gravity
342 4510 386 4547 are
415 4493 496 4563 good.
534 4493 585 4548 His
612 4497 744 4569 language
785 4499 903 4554 cunnus.

215 4572 298 4627 about
316 4570 361 4626 the
380 4572 489 4627 “virtus
514 4575 610 4627 terrae¹'
635 4574 688 4629 and
709 4577 743 4630 its
