2708 5226
564 110 652 171 LIB.
670 110 716 172 II.
738 130 786 170 12.

327 271 417 333 Nam
433 271 544 335 Boreae
560 272 757 354 penetrabile
772 272 874 354 frigus
892 271 1009 336 adurit.

126 364 178 429 28.
199 359 293 430 Alia.

168 475 272 547 Hanc
299 474 450 547 tabulam
476 478 630 548 assentire
655 486 686 548 et
708 478 905 572 presentiae
932 476 1111 569 appellare
1136 500 1221 549 con-

122 595 308 665 suevimus.
653 674 667 685 ..

621 688 712 764 XII.

168 790 380 875 Secundo³⁶,
399 793 561 865 facienda
586 804 641 865 est
667 794 899 888 comparantia
925 796 969 866 ad
997 794 1221 866 intellectum

121 909 380 992 instantiarum,
403 933 480 1000 quae
507 919 633 980 natura
658 911 743 981 data
767 912 970 1003 privanturt
1001 913 1084 1004 quia
1109 912 1223 980 forma

122 1025 175 1115 (ut
201 1026 342 1097 dictum
367 1023 465 1118 est³⁶)
488 1049 558 1096 non
580 1027 699 1096 minus
724 1027 845 1098 abesse
872 1027 990 1110 debet,
1008 1027 1069 1098 ubi
1096 1035 1223 1098 natura

120 1143 201 1215 data
221 1143 335 1226 abest,
360 1165 466 1234 quam
492 1142 624 1226 adesse,
641 1143 703 1214 ubi
729 1143 840 1216 adest.
892 1142 975 1215 Hoc
1001 1167 1084 1215 vero
1106 1143 1225 1215 infini-

120 1268 195 1330 tum
215 1268 311 1330 esset
327 1259 365 1327 in
383 1259 558 1329 omnibus.

168 1375 301 1469 Itaque
319 1375 566 1471 subjungenda
583 1385 665 1445 sunt
684 1374 840 1473 nepetino
857 1377 1083 1470 affirmativis
1101 1385 1139 1447 et
1157 1378 1226 1470 pri·

120 1494 280 1564 vationes
297 1491 524 1585 inspiciendae
541 1500 682 1562 tantum
700 1493 737 1561 in
755 1490 824 1562 illis
849 1493 1025 1585 subjectis,
1043 1517 1121 1586 quae
1142 1500 1227 1564 sunt

121 1611 278 1681 maxime
312 1618 464 1703 cognata
493 1608 563 1680 illis
597 1607 727 1690 alteris,
754 1608 789 1676 in
822 1608 949 1700 quibus
983 1616 1111 1680 natura
1144 1609 1228 1680 data

120 1727 214 1799 inest
240 1736 280 1798 et
309 1736 501 1818 comparet.
559 1723 666 1795 Hanc
695 1720 841 1794 tabulam
870 1721 1122 1808 declinationis,
1154 1726 1229 1795 sive

121 1839 286 1914 mentia
303 1841 341 1911 io
354 1837 562 1936 proesmt,
579 1839 758 1933 appellare
775 1841 1034 1910 consuevimus.

170 2022 358 2096 Instantice
383 2025 422 2095 ia
441 2023 618 2119 prosim,
642 2047 721 2118 quae
748 2024 935 2116 privantur
959 2031 1086 2094 natura
1111 2023 1229 2094 calidi.

122 2140 187 2213 Ad
212 2137 423 2212 laetantium
447 2140 603 2235 pomam
633 2137 873 2235 astructioom
905 2135 1083 2211 luctantia
1108 2140 1232 2235 primo

123 2256 281 2356 nepotiao
297 2253 352 2328 ael
364 2254 585 2350 mortino.

175 2379 210 2445 1.
237 2373 360 2459 Lunae,
378 2382 416 2443 et
440 2373 634 2455 stellarum,
653 2382 692 2443 et
717 2381 940 2446 cometarum
966 2375 1051 2446 radii
1080 2399 1151 2447 non
1177 2377 1232 2445 in-

126 2492 318 2562 veniuntur
335 2489 441 2561 calidi
458 2491 504 2560 ad
522 2499 683 2561 tactum:
704 2493 904 2583 quinetiam
921 2492 1097 2564 observari
1114 2493 1232 2565 solent

126 2610 298 2680 acerrima
315 2606 445 2700 frigora
462 2607 500 2675 in
517 2605 760 2699 pleniluniisae.

178 2722 231 2794 At
248 2722 362 2795 stellae
383 2723 462 2820 fixae
485 2722 646 2815 majores,
664 2723 806 2815 quando
829 2723 882 2794 sol
905 2746 965 2795 eas
987 2725 1095 2808 subit,
1111 2733 1175 2796 aut
1192 2725 1236 2796 iis

127 2897 222 2961 above,
236 2894 338 2966 unaing
355 2893 425 2948 from
443 2894 531 2948 men’s
549 2894 663 2965 ergning
704 2893 797 2949 record
808 2894 840 2949 ot
848 2912 883 2948 an
895 2895 979 2948 active
990 2893 1076 2958 mind,
1088 2894 1141 2948 and
1153 2894 1236 2949 fulfils

128 2976 198 3031 lrorn
211 2974 280 3029 their
295 2991 358 3029 own
368 2972 517 3028 sensatione
529 2981 557 3027 to
571 2973 663 3044 things
704 2973 747 3027 his
763 2990 823 3027 own
835 2973 947 3043 saying:
967 2971 1041 3026 “Sol
1052 2990 1129 3044 seque
1140 2973 1237 3043 palatia

128 3054 242 3125 camina
258 3052 344 3108 thern.
379 3051 507 3106 Theline
523 3051 622 3123 quoted
640 3053 663 3106 is
704 3061 731 3105 et
750 3051 852 3105 cloacas
872 3049 1029 3121 ingreditur,
1043 3069 1130 3123 neque
1147 3060 1237 3106 nmen

128 3133 199 3188 hom
219 3131 316 3202 virgil,
340 3130 439 3202 Georg.
454 3130 473 3184 i.
485 3147 529 3202 93.
574 3131 626 3185 For
649 3148 665 3184 a
705 3129 862 3200 polluitur.”
898 3128 934 3196 (Ι.
952 3128 1024 3200 120.)

130 3211 284 3267 dhcnssion
295 3209 326 3264 ol
335 3219 407 3264 most
417 3209 449 3263 of
458 3208 503 3263 the
517 3227 625 3264 sources
638 3208 667 3263 ol
741 3206 767 3246 ³⁸
785 3207 881 3278 Supra,
895 3206 933 3261 11.
946 3226 974 3275 4.
1065 3232 1067 3236 ⁴

132 3288 204 3344 fleat
214 3288 279 3343 here
290 3288 380 3360 given,
393 3286 542 3342 seebelow.
741 3285 767 3326 ⁸⁷
784 3287 816 3340 ls
825 3286 956 3356 praem,
972 3286 1021 3341 i.e.
1035 3287 1090 3342 “in
1105 3286 1157 3343 illis
1171 3288 1238 3342 snb·

165 3366 191 3407 ὅ
208 3365 373 3421 'l'bis'l'able
393 3365 417 3419 ia
435 3373 483 3419 not
500 3366 598 3436 merely
615 3383 667 3419 one
703 3365 789 3438 jectis,
813 3382 874 3436 quar
897 3373 961 3420 strnt
985 3367 1100 3421 maxime
1124 3378 1239 3438 cognate

130 3447 161 3502 ol
177 3445 330 3516 Nepesina,
350 3443 400 3498 bnt
417 3443 539 3498 includes
559 3445 666 3515 supple·
707 3444 759 3498 illis
779 3444 875 3508 alteris,
893 3444 922 3498 in
943 3444 1042 3517 quibus
1061 3455 1157 3500 natura
1178 3446 1240 3501 data

130 3533 255 3597 mentary
279 3522 463 3578 observatione
490 3521 543 3576 and
567 3522 668 3577 chance
707 3522 778 3576 inest
788 3523 951 3593 comparet.''

129 3604 298 3659 limitatione.
326 3601 353 3656 lt
363 3601 386 3656 is
400 3602 545 3670 “upatioa
556 3601 597 3655 vel
607 3601 668 3655 aab·
742 3600 838 3654 ³⁸The
849 3600 910 3656 cold
922 3612 949 3657 at
961 3601 1010 3658 fult
1021 3619 1102 3657 moon
1110 3602 1240 3675 probably

124 3680 280 3753 junior?
303 3677 364 3733 One
376 3697 437 3750 may
449 3680 536 3733 notice
547 3679 581 3733 its
594 3688 668 3750 great
708 3679 789 3734 arises
800 3680 868 3734 horn
881 3679 926 3735 the
940 3680 993 3736 lact
1005 3681 1063 3736 thet
1074 3682 1120 3737 the
1131 3683 1243 3738 cleerest

130 3761 279 3832 morante
302 3757 334 3813 of
352 3755 487 3813 Chemical
509 3756 669 3812 buthe-a
709 3756 824 3811 westher
834 3758 940 3829 taually
952 3775 1046 3814 occure
1058 3769 1085 3814 at
1096 3759 1155 3814 that
1166 3761 1240 3824 time,

131 3838 241 3895 faithful
267 3836 330 3908 sign
355 3837 409 3904 (for
433 3835 525 3891 Racon
547 3853 601 3890 vvas
622 3844 670 3890 not
710 3855 740 3892 aa
755 3836 800 3891 the
819 3853 900 3891 moon
917 3854 1010 3892 causes
1028 3840 1197 3909 evaporation
1213 3839 1244 3893 ol

129 3916 236 3974 behind
252 3915 296 3970 his
314 3914 537 3985 contemporaries
555 3914 584 3969 in
600 3922 671 3970 most
711 3914 814 3979 clouds,
833 3915 886 3969 and
909 3916 983 3988 gives
1004 3919 1177 3990 opportunity
1200 3918 1243 3972 sor

129 3997 240 4068 things)
266 3993 299 4048 οἱ
320 3991 368 4047 tha
392 4002 464 4047 want
489 3992 521 4047 of
542 3993 670 4048 scientidc
710 3993 1152 4067 rarefactionoltheatmosphere.
1186 3995 1243 4050 But

130 4072 294 4144 knowledge
310 4071 339 4126 in
350 4069 393 4126 his
410 4070 479 4143 day;
499 4070 553 4126 and
565 4072 622 4126 also
635 4073 670 4126 its
711 4090 755 4128 aee
766 4072 828 4128 inlr.
843 4072 967 4130 Instence
979 4090 1006 4143 5.
1019 4074 1094 4144 (note
1105 4077 1162 4144 45.)

130 4162 207 4228 great
221 4150 363 4210 emption.
401 4149 427 4206 lt
440 4150 463 4207 is
478 4167 513 4207 en
525 4149 670 4206 admirable
