2708 5226
203 588 246 655 70
531 583 705 649 NOVUM
728 581 978 649 ORGANUM.

204 762 310 824 nacta
335 752 402 836 sit;
432 750 498 820 nisi
526 750 619 821 forte
640 750 720 843 quis
747 750 911 820 monachi
935 747 1085 841 alicujus
1108 750 1145 820 in
1165 747 1283 836 oellnh,

204 877 268 939 aut
293 866 423 937 nobilis
447 868 484 935 in
512 864 635 937 villula
664 864 893 949 lucubrantis,
920 866 1128 959 exemplum
1153 867 1286 938 adduxe·

207 986 252 1055 rit
263 980 310 1054 ⁶⁵:
337 983 400 1053 sed
419 982 513 1053 facta
529 991 585 1052 est
602 982 750 1052 demum
766 981 936 1052 naturalis
957 982 1182 1076 philosophia
1199 985 1290 1054 instar

208 1101 378 1171 transitus
395 1098 579 1191 eujusdam
596 1106 634 1169 et
651 1097 876 1189 pontisternii
894 1097 939 1167 sd
956 1096 1038 1168 alia

257 1217 381 1310 Atque
408 1238 538 1310 magna
562 1216 630 1284 ista
655 1215 884 1286 scientiarum
909 1223 1027 1285 mater
1047 1216 1139 1286 mira
1159 1215 1293 1311 indigni·

210 1342 284 1404 tate
307 1334 352 1403 ad
376 1331 492 1402 officia
517 1329 653 1400 ancillae
679 1330 823 1400 detmsa
847 1338 925 1415 est;
949 1353 1028 1422 quae
1048 1332 1232 1403 medicina·
1245 1340 1295 1404 aut

208 1447 480 1520 mathematicos
508 1445 673 1538 operibus
700 1447 888 1528 ministret,
914 1455 953 1517 et
979 1469 1207 1541 rursusqua
1228 1448 1298 1520 sdo
1347 1428 1349 1463 ⁵

210 1564 421 1636 lescentium
455 1564 646 1633 immatura
681 1564 824 1656 ingenia
854 1562 950 1635 lavet
980 1574 1018 1634 et
1048 1565 1189 1637 imbuat
1216 1565 1299 1636 velut

211 1684 367 1752 tinctura
380 1680 533 1772 quadam
547 1679 670 1772 prima,
684 1688 727 1748 ut
743 1677 850 1750 aliam
866 1688 992 1772 postes
1009 1680 1151 1754 felicius
1166 1694 1205 1755 et
1220 1704 1301 1754 com·

212 1796 352 1866 modius
383 1794 573 1886 excipiant.
632 1792 781 1864 Interim
811 1815 919 1863 nemo
949 1807 1119 1887 expectet
1148 1816 1301 1890 magnum

213 1932 436 2005 progressum
454 1910 490 1978 in
508 1909 674 1990 scientiis,
694 1910 904 2002 (prasertim
920 1910 959 1980 in
976 1922 1079 2004 parte
1095 1935 1219 1984 earum
1234 1933 1304 2005 ops

213 2029 338 2119 nativa)
365 2026 431 2097 nisi
458 2025 680 2119 philosophia
705 2025 874 2097 naturalis
900 2027 946 2096 ad
974 2029 1143 2100 scientias
1168 2031 1304 2122 partiou-

214 2145 304 2216 lares
321 2143 492 2238 producta
510 2143 627 2222 fuerit,
646 2150 683 2213 et
707 2143 864 2212 scientia
885 2143 1119 2236 particulares
1139 2168 1254 2218 mrsus
1267 2143 1303 2215 ad

213 2259 413 2333 naturalem
445 2257 701 2352 philosophiam
733 2258 900 2330 reducta.
954 2258 1052 2331 Hine
1078 2263 1177 2333 enim
1202 2263 1250 2346 lit,
1270 2268 1305 2330 nt

214 2377 438 2456 astronomia,
465 2376 593 2469 optiee,
619 2375 763 2458 musica,
790 2374 950 2467 plurimae
975 2386 1071 2449 artes
1095 2379 1306 2459 mechanica,

216 2505 324 2588 atque
350 2495 426 2586 ipsa
450 2491 635 2573 medicina,
653 2502 761 2584 utque
781 2491 890 2584 (quod
914 2494 994 2584 quie
1019 2496 1134 2590 magis
1158 2497 1306 2584 miretur)

216 2606 438 2701 philosophia
466 2605 610 2675 moralis
640 2613 679 2675 et
708 2604 832 2687 civilis,
858 2613 896 2674 et
923 2606 1082 2678 scientiae
1111 2608 1244 2704 logicae,
1266 2605 1306 2678 nil

217 2728 292 2797 fere
318 2723 473 2794 habeant
499 2720 698 2792 altitudinis
724 2721 760 2791 in
787 2720 984 2814 profundo;
1020 2724 1083 2794 sed
1111 2748 1177 2818 per
1202 2746 1309 2818 super·

217 2843 333 2913 ficiem
367 2852 405 2909 et
436 2839 644 2908 varietatem
680 2860 798 2907 rernm
833 2847 976 2908 tanturn
1011 2837 1201 2914 labantur:
1238 2840 1308 2935 quis

218 2968 404 3051 postquam
431 2953 660 3048 particulares
686 2955 762 3024 ista
783 2954 939 3024 scientiae
963 2957 1160 3050 dispertite
1180 2968 1219 3029 et
1240 2979 1309 3029 oon·

219 3074 354 3144 stitutae
389 3072 534 3153 fuerint,
568 3093 590 3139 a
623 3068 844 3164 philosophia
878 3070 1029 3143 naturali
1064 3096 1137 3144 non
1172 3073 1311 3169 amplius

219 3190 383 3274 aluntur;
420 3210 498 3281 quae
524 3209 570 3257 ex
596 3187 755 3257 fontibus
782 3196 820 3257 et
846 3189 938 3258 veris
963 3188 1312 3283 contemplationibus

221 3314 396 3388 motuum,
419 3305 608 3383 radiorum,
633 3324 810 3387 sonorum,
834 3313 998 3388 texturae,
1022 3315 1060 3376 et
1083 3304 1311 3379 schematisml

221 3445 417 3515 corporum,
436 3419 639 3502 affectuum,
658 3429 695 3490 et
718 3419 992 3511 prehensionum
1016 3421 1314 3504 intellectualium,

221 3562 329 3610 novas
348 3539 439 3610 vires
456 3546 494 3608 et
511 3544 704 3629 augmenta
720 3535 790 3606 illis
806 3535 981 3627 impertiri
998 3537 1207 3630 potuerit⁶⁷.
1253 3539 1315 3611 Its·

257 3752 283 3790 ⁶⁶
299 3750 467 3805 'l'hishlonk
485 3751 513 3805 in
530 3749 572 3804 his
591 3750 640 3804 cell
655 3749 753 3805 doubt·
795 3748 914 3820 shewing
943 3748 1002 3804 that
1032 3750 1068 3806 he
1096 3754 1253 3812 considered
1279 3753 1317 3808 tlte

222 3833 275 3886 lass
295 3830 374 3885 relers
394 3838 423 3883 to
444 3829 533 3902 Roger
553 3828 643 3882 Bacou
665 3829 693 3883 in
711 3829 753 3884 his
795 3846 887 3883 causes
899 3828 930 3883 of
943 3830 1029 3883 morel
1042 3831 1114 3901 good
1126 3828 1319 3890 anderiltohc

224 3908 304 3980 study
331 3918 357 3962 at
386 3907 511 3972 Oxlord;
536 3902 590 3961 ¹see
618 3906 755 3978 Pnlgrave,
795 3906 922 3961 material.
961 3908 1016 3963 But
1034 3907 1109 3966 there
1125 3911 1150 3966 is
1168 3929 1206 3967 no
1223 3907 1318 3985 ground

225 3986 367 4042 Merchant
378 3984 529 4039 audFrisr:
547 3984 600 4039 and
612 3985 756 4041 theNoble
796 3985 1046 4040 whateverforthis.
1067 3987 1320 4047 Omad'ectionsdre

224 4067 253 4120 in
264 4065 306 4118 hia
315 4063 385 4117 Villa
396 4063 419 4116 is
432 4063 560 4134 probably
573 4063 722 4120 Descsrtes.
796 4074 869 4119 must
881 4073 923 4118 act
934 4063 963 4118 in
975 4082 992 4119 a
1003 4066 1121 4122 mtter'nl
1132 4068 1213 4143 body,
1226 4069 1277 4126 end
1286 4083 1319 4131 ω,

259 4141 286 4182 ⁶7
307 4141 359 4194 For
382 4139 436 4194 this
461 4140 629 4210 dependence
652 4143 684 4197 oi
706 4161 757 4198 our
796 4151 825 4196 to
845 4160 863 4196 s
882 4143 982 4197 emin
1002 4153 1105 4209 exoent,
1123 4145 1192 4202 have
1212 4145 1320 4223 physe-l

226 4218 382 4288 knowledge
399 4219 427 4271 in
441 4217 542 4272 Morals
560 4219 613 4274 and
627 4220 709 4292 Logia
727 4240 756 4277 as
797 4220 982 4292 phenotnena3
1002 4223 1065 4287 and,
1084 4222 1223 4292 mue,
1242 4246 1271 4284 so
1287 4225 1322 4281 ur

226 4301 285 4355 well
300 4315 329 4351 as
342 4294 547 4360 Machanidam
561 4297 758 4364 Mathematics,
798 4316 842 4354 are
854 4298 941 4352 under
954 4299 1000 4354 the
1013 4300 1083 4356 head
1099 4302 1130 4357 ot
1142 4303 1255 4361 Natural
1267 4303 1321 4360 Phi·

226 4397 263 4435 on
280 4375 393 4431 Natural
410 4372 583 4445 Philosophy,
599 4393 641 4430 see
657 4377 718 4433 inlr.
735 4378 757 4433 1.
797 4376 928 4449 losephy:
954 4378 1005 4434 bnt
1029 4379 1104 4436 there
1123 4382 1147 4436 ia
1168 4384 1280 4456 nothing
1297 4390 1321 4436 to

231 4471 289 4528 ¹²7·
325 4453 391 4508 This
403 4453 427 4507 is
439 4470 490 4507 one
501 4452 587 4506 ottho
599 4455 758 4525 Aphorisms
799 4457 871 4511 shew
886 4456 1049 4514 thatBacon
1067 4470 1158 4516 meent
1175 4481 1249 4519 more
1265 4462 1319 4517 thau

227 4533 315 4591 which
334 4550 405 4587 seem
422 4540 451 4586 to
468 4531 563 4587 favour
580 4530 625 4587 the
641 4532 759 4591 doctrine
799 4535 862 4590 this.
886 4535 945 4590 'l'he
957 4537 1111 4594 matenslist
1123 4556 1223 4613 system
1231 4542 1262 4598 ol
1268 4539 1319 4598 llo·

228 4612 458 4671 thatBaconwas
475 4628 492 4664 a
510 4610 711 4678 “Poenoue”
730 4632 759 4669 as
799 4615 852 4670 rals
871 4613 924 4669 end
941 4613 1141 4674 habitsisvell
1155 4616 1319 4685 meeth
