2708 5226
344 38 1273 513 -Ἶ

131 564 175 627 54
457 559 630 626 NOVUM
653 558 906 626 ORGANUM.

126 728 237 820 ipsius
263 726 401 797 vitiosae
426 732 530 806 sunt3
557 745 679 795 sensus
703 724 799 793 enim
825 731 865 796 et
891 722 1063 794 destituit
1083 731 1121 793 et
1136 721 1222 794 fallit

128 842 184 913 At
211 838 500 912 destitutionibus
528 839 811 923 substitutiones,
840 839 991 912 fallaciis
1018 841 1224 914 mdfieatio

130 980 194 1030 nes
228 957 414 1029 debentur.
468 955 646 1039 Secundo,
673 958 838 1028 notiones
872 955 919 1027 ab
952 957 1225 1051 impromiouibns

130 1097 297 1146 sensuum
328 1073 422 1144 male
453 1072 728 1156 abstrahuntnr;
755 1080 793 1144 et
823 1073 1068 1145 interminatae
1096 1083 1136 1147 et
1158 1098 1226 1146 oon·

131 1190 217 1262 fusae
234 1200 326 1273 suut,
345 1213 433 1282 quas
451 1190 659 1261 terminatas
676 1198 715 1260 et
731 1189 824 1261 bene
842 1190 962 1261 finitas
979 1212 1060 1262 eoes
1076 1192 1225 1284 oportuit

132 1305 267 1392 Tertio,
298 1307 458 1377 inductio
493 1305 588 1377 mula
622 1315 687 1387 est,
723 1329 801 1399 qnoe
837 1329 902 1400 per
935 1309 1225 1381 enumerationem

132 1424 327 1518 simplicem
357 1422 530 1516 principia
560 1422 741 1493 concludit
770 1424 1012 1506 scientiarum,
1043 1447 1118 1496 nou
1144 1424 1227 1496 adbi-

133 1542 217 1613 bitis
242 1539 506 1612 exclusionibus
531 1548 570 1611 et
594 1539 841 1621 solutionibus,
858 1541 934 1612 sive
959 1543 1228 1635 separationibus

133 1668 268 1730 naturae
297 1656 437 1728 debitis.
490 1653 685 1737 Postremo,
715 1657 843 1728 modus
871 1655 936 1729 ille
969 1658 1174 1731 inveniendi
1198 1665 1228 1730 et

134 1773 318 1868 probandi,
335 1781 377 1843 ut
400 1774 514 1865 primo
538 1773 710 1866 principia
732 1774 888 1844 maxime
910 1775 1098 1868 generalia
1113 1773 1228 1848 eonsti-

135 1898 290 1972 tnantur,
317 1889 446 1961 deinde
472 1889 590 1962 media
614 1891 795 1961 axiomata
819 1890 864 1962 ad
887 1911 931 1961 ea
955 1889 1180 1985 applicentur
1198 1900 1228 1962 et

135 2007 337 2101 probentur,
355 2030 513 2078 errorum
538 2016 655 2079 mater
678 2016 743 2091 est,
762 2017 799 2079 et
825 2008 1059 2080 scientiarum
1078 2011 1228 2082 omniurn

135 2122 327 2194 calamitas.
380 2121 518 2195 Verum
537 2124 582 2197 de
600 2125 687 2208 istis,
705 2148 784 2218 quae
799 2125 876 2218 jam
900 2124 1022 2196 obiter
1037 2127 1227 2221 perstringi·

135 2260 224 2321 mus,
243 2236 388 2310 fusius³⁰
404 2240 572 2323 dicemus,
596 2264 708 2334 quum
732 2264 851 2312 veram
876 2242 1158 2336 interpretandas
1181 2266 1228 2314 na·

136 2364 225 2428 turae
244 2356 346 2439 viam,
367 2356 537 2428 absolutis
563 2357 640 2428 istis
663 2357 925 2451 expiationibus
951 2367 991 2430 et
1016 2361 1229 2457 expurgatio

137 2474 241 2545 nibus
258 2475 399 2559 mentis,
419 2495 667 2567 proponemus.

189 2753 262 2825 Sed
292 2753 548 2825 demonstratio
578 2651 849 2846 lonlgllpnma
877 2762 933 2823 est
967 2749 1231 2848 experientia³¹;

138 2869 245 2941 modo
263 2869 393 2940 haereat
411 2870 447 2938 in
464 2870 541 2962 ipso
558 2870 812 2962 experimento.
866 2869 962 2940 Nam
986 2871 1016 2940 si
1040 2871 1234 2943 traducatur

138 2987 183 3057 ad
200 2985 277 3068 alia,
296 3008 375 3077 quae
391 2984 519 3055 similia
535 2985 795 3069 existimantur,
811 2986 879 3056 uisi
899 2986 968 3056 rite
986 2997 1025 3057 et
1042 2985 1233 3060 ordinabat

139 3101 202 3173 ille
231 3100 415 3184 traductio,
444 3123 499 3173 res
529 3100 638 3172 fallax
668 3109 734 3173 est.
786 3099 840 3170 At
870 3101 997 3172 modus
1025 3099 1234 3196 experiendi,

140 3242 211 3312 quo
246 3218 406 3290 homiues
440 3240 535 3288 nunc
567 3224 729 3299 utuntur,
758 3238 876 3287 oaeous
911 3225 966 3287 est
1001 3225 1040 3287 et
1073 3216 1235 3312 stupidus

141 3335 270 3429 Itaque
290 3357 372 3406 oum
397 3343 516 3407 errant
539 3343 577 3405 et
593 3342 765 3428 vagantur
790 3331 890 3403 nulla
909 3332 965 3403 ria
990 3343 1099 3417 certa,
1117 3334 1235 3406 seder

141 3475 288 3525 occursu
311 3473 431 3523 rerum
449 3459 590 3521 tantum
608 3448 794 3520 consilium
818 3449 975 3542 capiunt,
992 3451 1238 3522 circumferun-

143 3579 202 3640 tur
230 3569 274 3640 ed
304 3567 428 3650 multa,
459 3566 520 3637 sed
551 3588 674 3660 parum
710 3574 938 3658 promovent3
964 3576 1004 3635 et
1033 3567 1237 3660 quaudoque

142 3686 312 3779 gestiunt,
330 3684 541 3777 quandoque
559 3682 823 3765 distrahuntur3
848 3692 887 3754 et
903 3704 1046 3776 semper
1061 3684 1238 3757 inveniunt

144 3799 241 3892 quod
257 3798 407 3871 ulterius
424 3808 593 3892 qnaersnt.
646 3798 736 3870 Fere
753 3809 875 3869 autem
893 3799 944 3869 itu
961 3799 1015 3882 lit,
1030 3807 1072 3870 ut
1087 3799 1238 3873 homiues

146 3915 273 3986 leviter
300 3925 338 3986 et
369 3925 537 4009 tanquam
567 3940 631 4010 per
659 3915 785 3987 ludum
813 3917 1054 4010 experiantur,
1082 3914 1238 3989 variando

181 4123 208 4165 ⁸⁰
224 4122 399 4178 “fusim''iu
413 4122 593 4194 troo—105.
752 4128 1086 4200 riationotexpsrimsuts.

181 4200 564 4272 ⁸¹'l'hsiaultsollixperience
571 4207 677 4278 usually
788 4224 814 4278 3.
834 4207 943 4262 Pursuit
961 4209 993 4263 ol
1005 4225 1057 4263 ono
1074 4207 1237 4280 experimen

147 4301 226 4339 are-
752 4303 783 4341 or
803 4287 915 4360 subject,
930 4296 958 4342 to
976 4287 1022 4342 tha
1039 4289 1145 4360 neglect
1162 4287 1192 4342 ut
1208 4281 1238 4338 all

220 4378 243 4415 1.
257 4358 341 4413 Want
352 4357 383 4411 ol
398 4375 414 4412 a
427 4358 537 4414 metbod
549 4360 579 4415 oi
595 4364 675 4418 selec-
753 4364 851 4420 others.

183 4439 292 4507 tion(to
307 4436 341 4491 bs
357 4435 538 4508 remediedby
551 4438 676 4513 Prsroga·
787 4463 814 4512 4.
834 4444 983 4517 Euganeas
1013 4453 1043 4501 to
1072 4455 1118 4520 gat
1146 4455 1173 4502 st
1197 4441 1235 4499 ὼ

183 4516 271 4587 tiras).
753 4525 876 4596 praetiosi
887 4525 1060 4597 application.

221 4613 246 4652 r.
265 4594 364 4666 illimsy
382 4594 437 4650 and
453 4594 613 4654 insufficient
630 4616 676 4655 rs·
