2708 5226
127 588 191 652 120
447 583 623 650 NOVUM
646 582 897 651 ORGANUM.

125 773 233 844 quam
250 771 321 820 non
339 749 522 843 posuerint
533 757 598 821 aut
610 748 838 836 collocarint;
854 770 973 842 neque
985 747 1076 818 riam
1088 743 1198 818 emend

125 869 210 948 sint,
227 888 333 959 quam
350 889 422 937 non
440 867 587 960 ingressi
604 867 677 936 sint
692 875 757 936 sut
773 866 968 937 tenuerint.

176 981 299 1075 Atque
329 981 554 1053 insolentiam
581 982 631 1052 rei
662 982 757 1074 quod
785 981 941 1065 attinet;
965 988 1063 1052 certe
1089 977 1204 1070 siquis

125 1122 252 1170 manus
267 1100 465 1170 constantia
481 1106 591 1190 atque
608 1096 703 1168 oculi
720 1097 840 1191 vigore
863 1096 996 1168 lineam
1018 1097 1129 1191 magis
1146 1117 1206 1166 rec-

125 1226 213 1298 tum,
230 1223 293 1286 aut
309 1213 482 1285 circulum
500 1213 612 1308 magis
629 1213 828 1306 perfeetum
844 1235 884 1284 se
899 1213 1099 1285 describere
1114 1233 1207 1304 poue,

124 1355 232 1425 quam
250 1331 360 1402 alium
377 1331 591 1422 quempiam,
603 1330 668 1401 sibi
686 1337 865 1414 assumat3
892 1330 1077 1401 inducitur
1092 1327 1211 1398 seilicet

126 1447 306 1519 facultatis
323 1447 561 1539 comparatio:
583 1447 679 1538 quod
696 1448 726 1516 si
744 1447 824 1538 quis
840 1455 986 1529 usserat,
1004 1467 1054 1528 se,
1071 1443 1213 1516 adbibita

125 1563 259 1659 regula,
276 1572 340 1634 aut
360 1562 604 1634 circumducto
630 1563 771 1646 eireino,
789 1560 920 1633 lineam
945 1562 1063 1656 magis
1083 1568 1214 1640 reatum,

126 1690 190 1752 aut
208 1678 381 1750 circulum
406 1680 519 1772 magis
544 1679 742 1772 perfectum
768 1699 871 1770 posse
895 1677 1107 1760 describere,
1123 1696 1216 1768 quam

126 1794 282 1887 aliquem
296 1794 407 1865 alium
418 1794 453 1862 vi
466 1793 541 1866 sola
553 1792 646 1865 oculi
660 1803 699 1867 et
711 1817 857 1881 manus;
874 1795 904 1865 is
913 1803 1014 1865 certe
1026 1816 1100 1864 nou
1110 1792 1218 1864 admo·

126 1912 214 1982 dum
225 1911 381 2004 jactator
394 1910 513 1983 fuerit.
539 1910 636 1995 Quin
651 1910 731 1996 hoc,
741 1911 837 2003 quod
851 1911 1015 1992 dicimus,
1025 1933 1099 1981 non
1116 1907 1218 1979 solum

127 2029 164 2098 in
189 2026 256 2098 boe
280 2036 401 2098 nostro
424 2036 554 2098 conatu
579 2028 693 2119 primo
710 2036 748 2097 et
764 2028 945 2120 inceptivo
962 2027 1084 2099 locum
1100 2025 1218 2102 habeta

127 2143 316 2215 sedetiam
334 2143 491 2236 pertinet
508 2142 553 2213 ad
570 2164 641 2224 eos,
659 2142 721 2234 qui
743 2141 827 2213 huie
848 2144 900 2214 rei
922 2142 1074 2235 posthae
1095 2142 1220 2211 incum-

127 2263 225 2334 bent.
278 2260 414 2332 Nostra
438 2262 533 2332 enim
558 2263 616 2332 via
639 2261 843 2332 inveniendi
871 2262 1038 2333 scientias
1064 2265 1220 2351 exaequat

127 2380 202 2451 fere
220 2373 410 2473 ingenium,
424 2387 463 2448 et
477 2399 550 2448 non
567 2375 723 2447 multum
741 2375 968 2449 excellentiae
983 2399 1109 2448 eorum
1125 2373 1221 2446 relin-

127 2497 226 2588 quit:
253 2516 336 2566 cum
354 2494 474 2563 omnia
491 2515 555 2585 per
571 2493 782 2563 certissimas
798 2492 939 2586 regulas
957 2500 997 2564 et
1013 2493 1221 2563 demonstra·

127 2614 244 2682 tiones
262 2612 443 2703 transigat.
496 2606 624 2700 Itaque
641 2608 716 2679 hsce
732 2618 854 2680 nostra
870 2608 927 2698 (ut
950 2632 1044 2702 saepe
1061 2605 1220 2690 diximus)

129 2727 310 2798 felicitatis
334 2725 518 2817 cujusdam
540 2733 624 2795 sunt
647 2727 889 2818 potiusquam
907 2724 1098 2805 facultatis,
1117 2732 1156 2795 et
1171 2745 1222 2816 po

128 2845 200 2914 tius
220 2843 390 2934 temporis
415 2837 576 2934 pertusffl
592 2863 700 2932 quam
726 2843 869 2935 ingenii.
923 2841 990 2913 Est
1012 2842 1111 2912 enim
1135 2848 1220 2911 certe

129 2983 228 3030 casus
261 2957 389 3050 aliquis
421 2980 493 3027 non
529 2958 645 3027 minus
679 2958 715 3026 in
749 2957 1024 3051 eogitationibus
1057 2957 1220 3034 humanis,

128 3077 290 3167 quamin
308 3074 473 3166 operibus
490 3083 529 3144 et
545 3074 659 3144 factis.

178 3341 306 3436 Itaque
324 3341 515 3412 dicendum
540 3238 816 3434 dechydhisssihsis
833 3340 928 3433 quod
948 3338 1010 3411 ille
1029 3362 1093 3432 per
1108 3339 1223 3433 Jooum

129 3459 232 3542 dixit,
250 3459 444 3552 praesertim
470 3479 553 3526 eum
580 3466 655 3526 tam
680 3455 773 3527 bene
796 3479 871 3526 rem
898 3465 1017 3528 secett
1043 3454 1149 3527 Fieri
1164 3475 1224 3524 nou

122 3584 234 3671 potest
264 3583 302 3645 ut
333 3572 423 3644 idem
453 3572 613 3656 sentiant,
638 3572 699 3667 qai
729 3595 866 3667 aquam
888 3581 921 3644 el
947 3573 1009 3668 qui
1036 3573 1153 3645 vinum
1183 3568 1226 3641 bi-

128 3688 256 3761 booth.
308 3691 362 3760 At
389 3691 509 3760 caeteri
539 3689 711 3772 homines,
737 3698 813 3759 tam
839 3696 978 3761 veteres
1004 3711 1113 3781 quam
1141 3687 1225 3768 novi,

130 3807 303 3898 liquorem
321 3805 490 3875 biberunt
503 3805 655 3875 crudum
672 3805 708 3874 in
726 3806 892 3887 scientiis,
905 3815 1077 3897 tunquam
1094 3826 1226 3897 squam,

128 3921 186 3993 vel
212 3928 340 4015 sponte
370 3944 417 3991 ex
447 3920 636 3992 intellectu
665 3929 882 4004 manantem,
900 3919 957 3992 vel
984 3943 1049 4014 per
1075 3921 1229 3992 dialecti·

164 4137 277 4202 ”This
290 4155 370 4192 sswe
386 4137 453 4192 have
469 4138 558 4193 before
574 4139 661 4194 notic-
701 4138 776 4193 there
796 4138 820 4192 is
841 4154 871 4192 es
894 4135 977 4191 much
997 4137 1060 4208 pluy
1080 4136 1123 4191 ior
1143 4136 1229 4207 ebility

129 4216 172 4282 ed,
196 4217 245 4271 has
269 4234 350 4271 never
373 4216 494 4271 followed
518 4217 588 4272 from
615 4217 661 4272 the
702 4234 771 4281 nov,
796 4214 851 4270 and
874 4232 904 4270 es
929 4224 1024 4286 oneng
1044 4233 1060 4270 a
1081 4215 1229 4270 distinctim

130 4295 235 4368 growth
267 4295 299 4349 ol
335 4294 457 4366 Physical
487 4294 660 4368 Philosophy.
701 4295 820 4350 between
828 4293 1229 4364 men’epowers,neverthee

130 4375 186 4445 (Cf.
203 4390 278 4445 supr.
292 4373 315 4428 l.
330 4373 402 4442 108.)
440 4372 504 4427 llud
527 4391 562 4428 au
586 4383 661 4430 exuet
701 4390 765 4428 ves.

131 4452 253 4516 Method,
275 4452 342 4507 such
363 4468 393 4506 es
415 4451 507 4506 Baoon
527 4469 613 4507 seems
632 4462 661 4508 tc
737 4450 817 4506 ”ct
831 4468 904 4522 supr.
918 4450 942 4507 1.
956 4451 999 4522 78.
1035 4451 1103 4507 Alsa
1119 4450 1142 4506 1.
1155 4465 1196 4524 97.

129 4531 197 4587 have
214 4531 303 4603 hoped
320 4531 371 4594 for,
383 4529 449 4584 besu
469 4530 594 4601 possible,
607 4530 661 4587 this
737 4528 763 4569 ⁶⁴
773 4528 975 4602 'l'besayingof
982 4529 1227 4586 Philocratenbout

129 4613 213 4668 result
230 4610 318 4683 might
330 4610 398 4665 have
410 4608 490 4664 taken
502 4609 592 4678 place:
611 4609 661 4665 but
703 4607 907 4666 Demosthenes.
