<?xml version="1.0" encoding="UTF-8"?>
<!DOCTYPE html PUBLIC "-//W3C//DTD XHTML 1.0 Transitional//EN"
    "http://www.w3.org/TR/xhtml1/DTD/xhtml1-transitional.dtd">
<html xmlns="http://www.w3.org/1999/xhtml" xml:lang="en" lang="en">
 <head>
  <title>
</title>
<meta http-equiv="Content-Type" content="text/html;charset=utf-8" />
  <meta name='ocr-system' content='tesseract 3.04.00' />
  <meta name='ocr-capabilities' content='ocr_page ocr_carea ocr_par ocr_line ocrx_word'/>
</head>
<body>
  <div class='ocr_page' id='page_1' title='image "./franciscibaconi00kitcgoog_0124.png"; bbox 0 0 2708 5226; ppageno 0'>
   <div class='ocr_carea' id='block_1_1' title="bbox 510 557 1211 647">
    <p class='ocr_par' dir='ltr' id='par_1_1' title="bbox 510 557 1211 647">
     <span class='ocr_line' id='line_1_1' title="bbox 510 557 1211 647; baseline 0.009 -23"><span class='ocrx_word' id='word_1_1' title='bbox 510 557 599 625; x_wconf 83' lang='lat' dir='ltr'><strong>LIB.</strong></span> <span class='ocrx_word' id='word_1_2' title='bbox 618 559 647 626; x_wconf 94' lang='grc' dir='ltr'><strong>Ι.</strong></span> <span class='ocrx_word' id='word_1_3' title='bbox 666 562 803 647; x_wconf 84' lang='lat'>94-96.</span> <span class='ocrx_word' id='word_1_4' title='bbox 1167 563 1211 630; x_wconf 79' lang='lat'><strong>98</strong></span> 
     </span>
    </p>
   </div>
   <div class='ocr_carea' id='block_1_2' title="bbox 103 722 1214 1170">
    <p class='ocr_par' dir='ltr' id='par_1_2' title="bbox 103 722 1214 1170">
     <span class='ocr_line' id='line_1_2' title="bbox 103 722 1213 820; baseline 0.002 -26"><span class='ocrx_word' id='word_1_5' title='bbox 103 722 314 796; x_wconf 84' lang='lat' dir='ltr'><strong>sihomincs</strong></span> <span class='ocrx_word' id='word_1_6' title='bbox 331 747 396 819; x_wconf 88' lang='lat' dir='ltr'><strong>per</strong></span> <span class='ocrx_word' id='word_1_7' title='bbox 415 734 516 796; x_wconf 90' lang='lat' dir='ltr'><strong>tanta</strong></span> <span class='ocrx_word' id='word_1_8' title='bbox 536 749 710 796; x_wconf 90' lang='lat' dir='ltr'><strong>annorum</strong></span> <span class='ocrx_word' id='word_1_9' title='bbox 735 728 848 820; x_wconf 77' lang='lat' dir='ltr'><strong>spatia</strong></span> <span class='ocrx_word' id='word_1_10' title='bbox 865 727 959 796; x_wconf 87' lang='lat' dir='ltr'><strong>viam</strong></span> <span class='ocrx_word' id='word_1_11' title='bbox 979 748 1097 796; x_wconf 84' lang='lat' dir='ltr'><strong>reram</strong></span> <span class='ocrx_word' id='word_1_12' title='bbox 1114 727 1213 796; x_wconf 83' lang='lat' dir='ltr'><strong>inve·</strong></span> 
     </span>
     <span class='ocr_line' id='line_1_3' title="bbox 103 840 1214 926; baseline 0.004 -14"><span class='ocrx_word' id='word_1_13' title='bbox 103 842 223 913; x_wconf 89' lang='lat' dir='ltr'><strong>niendi</strong></span> <span class='ocrx_word' id='word_1_14' title='bbox 247 852 287 915; x_wconf 89' lang='lat' dir='ltr'><strong>et</strong></span> <span class='ocrx_word' id='word_1_15' title='bbox 312 840 452 913; x_wconf 88' lang='lat' dir='ltr'><strong>colendi</strong></span> <span class='ocrx_word' id='word_1_16' title='bbox 477 844 641 914; x_wconf 85' lang='lat' dir='ltr'><strong>scientias</strong></span> <span class='ocrx_word' id='word_1_17' title='bbox 664 845 872 926; x_wconf 64' lang='lat' dir='ltr'><strong>tenuissent,</strong></span> <span class='ocrx_word' id='word_1_18' title='bbox 890 866 957 913; x_wconf 93' lang='lat' dir='ltr'><strong>uec</strong></span> <span class='ocrx_word' id='word_1_19' title='bbox 978 852 1099 915; x_wconf 86' lang='lat' dir='ltr'><strong>tamen</strong></span> <span class='ocrx_word' id='word_1_20' title='bbox 1118 843 1214 916; x_wconf 89' lang='lat' dir='ltr'><strong>ulte·</strong></span> 
     </span>
     <span class='ocr_line' id='line_1_4' title="bbox 103 958 1213 1053; baseline 0.003 -26"><span class='ocrx_word' id='word_1_21' title='bbox 103 958 171 1028; x_wconf 85' lang='lat' dir='ltr'><strong>rins</strong></span> <span class='ocrx_word' id='word_1_22' title='bbox 187 959 359 1053; x_wconf 81' lang='lat' dir='ltr'>progredi</span> <span class='ocrx_word' id='word_1_23' title='bbox 377 959 596 1051; x_wconf 87' lang='lat' dir='ltr'><strong>potuissent;</strong></span> <span class='ocrx_word' id='word_1_24' title='bbox 618 959 736 1030; x_wconf 89' lang='lat' dir='ltr'><strong>audax</strong></span> <span class='ocrx_word' id='word_1_25' title='bbox 754 959 988 1053; x_wconf 83' lang='lat' dir='ltr'><strong>proculdubio</strong></span> <span class='ocrx_word' id='word_1_26' title='bbox 1005 971 1044 1031; x_wconf 88' lang='lat' dir='ltr'><strong>et</strong></span> <span class='ocrx_word' id='word_1_27' title='bbox 1060 968 1213 1031; x_wconf 89' lang='lat' dir='ltr'><strong>temera·</strong></span> 
     </span>
     <span class='ocr_line' id='line_1_5' title="bbox 103 1075 1212 1170; baseline 0.002 -26"><span class='ocrx_word' id='word_1_28' title='bbox 103 1076 151 1145; x_wconf 88' lang='lat' dir='ltr'><strong>ria</strong></span> <span class='ocrx_word' id='word_1_29' title='bbox 168 1075 267 1146; x_wconf 85' lang='lat' dir='ltr'><strong>foret</strong></span> <span class='ocrx_word' id='word_1_30' title='bbox 289 1076 421 1168; x_wconf 92' lang='lat' dir='ltr'><strong>opini0‚</strong></span> <span class='ocrx_word' id='word_1_31' title='bbox 439 1097 542 1168; x_wconf 88' lang='lat' dir='ltr'><strong>posse</strong></span> <span class='ocrx_word' id='word_1_32' title='bbox 564 1098 639 1145; x_wconf 91' lang='lat' dir='ltr'><strong>rem</strong></span> <span class='ocrx_word' id='word_1_33' title='bbox 664 1078 702 1145; x_wconf 94' lang='lat' dir='ltr'><strong>in</strong></span> <span class='ocrx_word' id='word_1_34' title='bbox 725 1075 875 1147; x_wconf 86' lang='lat' dir='ltr'><strong>ulterius</strong></span> <span class='ocrx_word' id='word_1_35' title='bbox 897 1075 1053 1170; x_wconf 79' lang='lat' dir='ltr'><strong>provehi.</strong></span> <span class='ocrx_word' id='word_1_36' title='bbox 1106 1075 1212 1160; x_wconf 87' lang='lat' dir='ltr'><strong>Quod</strong></span> 
     </span>
    </p>
   </div>
   <div class='ocr_carea' id='block_1_3' title="bbox 103 1193 1216 2450">
    <p class='ocr_par' dir='ltr' id='par_1_3' title="bbox 103 1193 1216 2450">
     <span class='ocr_line' id='line_1_6' title="bbox 103 1193 1212 1285; baseline 0.002 -23"><span class='ocrx_word' id='word_1_37' title='bbox 103 1194 186 1262; x_wconf 89' lang='lat' dir='ltr'><strong>siin</strong></span> <span class='ocrx_word' id='word_1_38' title='bbox 202 1193 264 1263; x_wconf 77' lang='lat' dir='ltr'><strong>ria</strong></span> <span class='ocrx_word' id='word_1_39' title='bbox 285 1193 362 1284; x_wconf 86' lang='lat' dir='ltr'><strong>ipsa</strong></span> <span class='ocrx_word' id='word_1_40' title='bbox 382 1202 537 1263; x_wconf 91' lang='lat' dir='ltr'><strong>erratum</strong></span> <span class='ocrx_word' id='word_1_41' title='bbox 561 1194 744 1285; x_wconf 74' lang='lat' dir='ltr'><strong>citatque</strong></span> <span class='ocrx_word' id='word_1_42' title='bbox 768 1194 953 1263; x_wconf 90' lang='lat' dir='ltr'><strong>hominum</strong></span> <span class='ocrx_word' id='word_1_43' title='bbox 977 1215 1085 1285; x_wconf 92' lang='lat' dir='ltr'><strong>opera</strong></span> <span class='ocrx_word' id='word_1_44' title='bbox 1107 1193 1145 1262; x_wconf 95' lang='lat' dir='ltr'><strong>in</strong></span> <span class='ocrx_word' id='word_1_45' title='bbox 1168 1194 1212 1264; x_wconf 89' lang='lat' dir='ltr'><strong>iis</strong></span> 
     </span>
     <span class='ocr_line' id='line_1_7' title="bbox 103 1307 1212 1402; baseline -0.001 -24"><span class='ocrx_word' id='word_1_46' title='bbox 103 1316 327 1402; x_wconf 90' lang='lat' dir='ltr'><strong>consumpta,</strong></span> <span class='ocrx_word' id='word_1_47' title='bbox 352 1308 389 1376; x_wconf 93' lang='lat' dir='ltr'><strong>in</strong></span> <span class='ocrx_word' id='word_1_48' title='bbox 415 1307 544 1399; x_wconf 90' lang='lat' dir='ltr'><strong>quibus</strong></span> <span class='ocrx_word' id='word_1_49' title='bbox 568 1310 716 1381; x_wconf 89' lang='lat' dir='ltr'><strong>minime</strong></span> <span class='ocrx_word' id='word_1_50' title='bbox 742 1309 951 1402; x_wconf 87' lang='lat' dir='ltr'><strong>oportebat;</strong></span> <span class='ocrx_word' id='word_1_51' title='bbox 982 1308 1141 1400; x_wconf 86' lang='lat' dir='ltr'><strong>sequitur</strong></span> <span class='ocrx_word' id='word_1_52' title='bbox 1165 1331 1212 1378; x_wconf 85' lang='lat' dir='ltr'><strong>ex</strong></span> 
     </span>
     <span class='ocr_line' id='line_1_8' title="bbox 106 1421 1213 1516; baseline -0.004 -20"><span class='ocrx_word' id='word_1_53' title='bbox 106 1447 157 1508; x_wconf 89' lang='lat' dir='ltr'><strong>eo,</strong></span> <span class='ocrx_word' id='word_1_54' title='bbox 174 1447 249 1496; x_wconf 94' lang='lat' dir='ltr'><strong>non</strong></span> <span class='ocrx_word' id='word_1_55' title='bbox 268 1425 308 1493; x_wconf 92' lang='lat' dir='ltr'><strong>in</strong></span> <span class='ocrx_word' id='word_1_56' title='bbox 325 1423 430 1495; x_wconf 87' lang='lat' dir='ltr'><strong>rebus</strong></span> <span class='ocrx_word' id='word_1_57' title='bbox 447 1424 530 1516; x_wconf 91' lang='lat' dir='ltr'><strong>ipsis</strong></span> <span class='ocrx_word' id='word_1_58' title='bbox 548 1423 795 1496; x_wconf 88' lang='lat' dir='ltr'><strong>difficultatem</strong></span> <span class='ocrx_word' id='word_1_59' title='bbox 813 1425 905 1505; x_wconf 90' lang='lat' dir='ltr'><strong>oriri,</strong></span> <span class='ocrx_word' id='word_1_60' title='bbox 924 1447 1006 1516; x_wconf 85' lang='lat' dir='ltr'><strong>quae</strong></span> <span class='ocrx_word' id='word_1_61' title='bbox 1026 1421 1213 1516; x_wconf 87' lang='lat' dir='ltr'><strong>potestatis</strong></span> 
     </span>
     <span class='ocr_line' id='line_1_9' title="bbox 106 1540 1213 1633; baseline 0 -22"><span class='ocrx_word' id='word_1_62' title='bbox 106 1551 238 1612; x_wconf 79' lang='lat' dir='ltr'><strong>nostrae</strong></span> <span class='ocrx_word' id='word_1_63' title='bbox 264 1563 339 1611; x_wconf 90' lang='lat' dir='ltr'><strong>non</strong></span> <span class='ocrx_word' id='word_1_64' title='bbox 366 1549 470 1624; x_wconf 91' lang='lat' dir='ltr'><strong>sunt;</strong></span> <span class='ocrx_word' id='word_1_65' title='bbox 504 1543 565 1612; x_wconf 91' lang='lat' dir='ltr'><strong>sed</strong></span> <span class='ocrx_word' id='word_1_66' title='bbox 594 1543 632 1610; x_wconf 92' lang='lat' dir='ltr'><strong>in</strong></span> <span class='ocrx_word' id='word_1_67' title='bbox 657 1541 843 1612; x_wconf 87' lang='lat' dir='ltr'><strong>intellectu</strong></span> <span class='ocrx_word' id='word_1_68' title='bbox 874 1540 1040 1623; x_wconf 89' lang='lat' dir='ltr'><strong>humano,</strong></span> <span class='ocrx_word' id='word_1_69' title='bbox 1066 1542 1213 1633; x_wconf 87' lang='lat' dir='ltr'><strong>ejusque</strong></span> 
     </span>
     <span class='ocr_line' id='line_1_10' title="bbox 103 1656 1214 1750; baseline 0 -22"><span class='ocrx_word' id='word_1_70' title='bbox 103 1680 172 1728; x_wconf 90' lang='lat' dir='ltr'><strong>-usn</strong></span> <span class='ocrx_word' id='word_1_71' title='bbox 188 1667 229 1729; x_wconf 86' lang='lat' dir='ltr'><strong>et</strong></span> <span class='ocrx_word' id='word_1_72' title='bbox 249 1656 509 1750; x_wconf 87' lang='lat' dir='ltr'><strong>applicatione3</strong></span> <span class='ocrx_word' id='word_1_73' title='bbox 535 1680 613 1749; x_wconf 88' lang='lat' dir='ltr'><strong>quae</strong></span> <span class='ocrx_word' id='word_1_74' title='bbox 637 1681 694 1729; x_wconf 86' lang='lat' dir='ltr'><strong>res</strong></span> <span class='ocrx_word' id='word_1_75' title='bbox 715 1659 914 1730; x_wconf 88' lang='lat' dir='ltr'><strong>remedium</strong></span> <span class='ocrx_word' id='word_1_76' title='bbox 939 1670 977 1728; x_wconf 88' lang='lat' dir='ltr'><strong>et</strong></span> <span class='ocrx_word' id='word_1_77' title='bbox 999 1658 1214 1729; x_wconf 83' lang='lat' dir='ltr'><strong>medicinam</strong></span> 
     </span>
     <span class='ocr_line' id='line_1_11' title="bbox 109 1772 1215 1868; baseline 0 -24"><span class='ocrx_word' id='word_1_78' title='bbox 109 1775 267 1868; x_wconf 78' lang='lat' dir='ltr'><strong>suscipit.</strong></span> <span class='ocrx_word' id='word_1_79' title='bbox 312 1772 440 1865; x_wconf 90' lang='lat' dir='ltr'><strong>Itaque</strong></span> <span class='ocrx_word' id='word_1_80' title='bbox 457 1774 633 1866; x_wconf 89' lang='lat' dir='ltr'><strong>optimum</strong></span> <span class='ocrx_word' id='word_1_81' title='bbox 651 1774 760 1844; x_wconf 86' lang='lat' dir='ltr'><strong>fuerit</strong></span> <span class='ocrx_word' id='word_1_82' title='bbox 776 1772 856 1845; x_wconf 92' lang='lat' dir='ltr'><strong>illos</strong></span> <span class='ocrx_word' id='word_1_83' title='bbox 873 1774 967 1866; x_wconf 87' lang='lat' dir='ltr'><strong>ipsos</strong></span> <span class='ocrx_word' id='word_1_84' title='bbox 984 1795 1118 1844; x_wconf 87' lang='lat' dir='ltr'><strong>errores</strong></span> <span class='ocrx_word' id='word_1_85' title='bbox 1135 1795 1215 1865; x_wconf 89' lang='lat' dir='ltr'><strong>pro·</strong></span> 
     </span>
     <span class='ocr_line' id='line_1_12' title="bbox 107 1890 1215 1983; baseline -0.002 -23"><span class='ocrx_word' id='word_1_86' title='bbox 107 1913 259 1983; x_wconf 86' lang='lat' dir='ltr'><strong>ponere:</strong></span> <span class='ocrx_word' id='word_1_87' title='bbox 298 1901 387 1981; x_wconf 94' lang='lat' dir='ltr'><strong>quot</strong></span> <span class='ocrx_word' id='word_1_88' title='bbox 415 1890 512 1960; x_wconf 89' lang='lat' dir='ltr'><strong>enirn</strong></span> <span class='ocrx_word' id='word_1_89' title='bbox 543 1890 676 1961; x_wconf 84' lang='lat' dir='ltr'><strong>fuerint</strong></span> <span class='ocrx_word' id='word_1_90' title='bbox 706 1913 863 1961; x_wconf 89' lang='lat' dir='ltr'><strong>errorum</strong></span> <span class='ocrx_word' id='word_1_91' title='bbox 893 1891 1150 1982; x_wconf 86' lang='lat' dir='ltr'><strong>impedimenta</strong></span> <span class='ocrx_word' id='word_1_92' title='bbox 1176 1890 1215 1958; x_wconf 91' lang='lat' dir='ltr'><strong>in</strong></span> 
     </span>
     <span class='ocr_line' id='line_1_13' title="bbox 104 2004 1215 2100; baseline -0.001 -23"><span class='ocrx_word' id='word_1_93' title='bbox 104 2009 299 2098; x_wconf 84' lang='lat' dir='ltr'><strong>praeterito,</strong></span> <span class='ocrx_word' id='word_1_94' title='bbox 326 2013 383 2075; x_wconf 88' lang='lat' dir='ltr'><strong>tot</strong></span> <span class='ocrx_word' id='word_1_95' title='bbox 410 2016 494 2076; x_wconf 89' lang='lat' dir='ltr'><strong>sunt</strong></span> <span class='ocrx_word' id='word_1_96' title='bbox 523 2008 597 2099; x_wconf 89' lang='lat' dir='ltr'><strong>spei</strong></span> <span class='ocrx_word' id='word_1_97' title='bbox 628 2016 839 2100; x_wconf 84' lang='lat' dir='ltr'><strong>argumenta</strong></span> <span class='ocrx_word' id='word_1_98' title='bbox 868 2008 905 2076; x_wconf 95' lang='lat' dir='ltr'><strong>in</strong></span> <span class='ocrx_word' id='word_1_99' title='bbox 937 2007 1108 2077; x_wconf 87' lang='lat' dir='ltr'><strong>futurum.</strong></span> <span class='ocrx_word' id='word_1_100' title='bbox 1160 2004 1215 2076; x_wconf 88' lang='lat' dir='ltr'><strong>Ea</strong></span> 
     </span>
     <span class='ocr_line' id='line_1_14' title="bbox 111 2122 1216 2216; baseline -0.001 -24"><span class='ocrx_word' id='word_1_101' title='bbox 111 2146 190 2195; x_wconf 80' lang='lat' dir='ltr'><strong>vero</strong></span> <span class='ocrx_word' id='word_1_102' title='bbox 218 2123 307 2194; x_wconf 89' lang='lat' dir='ltr'><strong>licet</strong></span> <span class='ocrx_word' id='word_1_103' title='bbox 332 2124 368 2192; x_wconf 93' lang='lat' dir='ltr'><strong>in</strong></span> <span class='ocrx_word' id='word_1_104' title='bbox 394 2123 458 2203; x_wconf 88' lang='lat' dir='ltr'><strong>his,</strong></span> <span class='ocrx_word' id='word_1_105' title='bbox 477 2147 554 2215; x_wconf 86' lang='lat' dir='ltr'><strong>quoe</strong></span> <span class='ocrx_word' id='word_1_106' title='bbox 575 2125 736 2216; x_wconf 88' lang='lat' dir='ltr'><strong>superius</strong></span> <span class='ocrx_word' id='word_1_107' title='bbox 758 2124 856 2193; x_wconf 90' lang='lat' dir='ltr'><strong>dicta</strong></span> <span class='ocrx_word' id='word_1_108' title='bbox 880 2132 973 2205; x_wconf 90' lang='lat' dir='ltr'><strong>sunt,</strong></span> <span class='ocrx_word' id='word_1_109' title='bbox 991 2145 1064 2194; x_wconf 93' lang='lat' dir='ltr'><strong>non</strong></span> <span class='ocrx_word' id='word_1_110' title='bbox 1080 2122 1216 2192; x_wconf 86' lang='lat' dir='ltr'><strong>intacta</strong></span> 
     </span>
     <span class='ocr_line' id='line_1_15' title="bbox 111 2238 1216 2326; baseline -0.003 -14"><span class='ocrx_word' id='word_1_111' title='bbox 111 2243 254 2312; x_wconf 92' lang='lat' dir='ltr'><strong>omnino</strong></span> <span class='ocrx_word' id='word_1_112' title='bbox 278 2240 432 2326; x_wconf 86' lang='lat' dir='ltr'><strong>fuerint;</strong></span> <span class='ocrx_word' id='word_1_113' title='bbox 459 2251 579 2311; x_wconf 87' lang='lat' dir='ltr'><strong>tamen</strong></span> <span class='ocrx_word' id='word_1_114' title='bbox 602 2263 645 2310; x_wconf 91' lang='lat' dir='ltr'><strong>ea</strong></span> <span class='ocrx_word' id='word_1_115' title='bbox 667 2241 775 2311; x_wconf 91' lang='lat' dir='ltr'><strong>etiarn</strong></span> <span class='ocrx_word' id='word_1_116' title='bbox 799 2263 894 2311; x_wconf 91' lang='lat' dir='ltr'><strong>nuuc</strong></span> <span class='ocrx_word' id='word_1_117' title='bbox 914 2240 1081 2322; x_wconf 83' lang='lat' dir='ltr'><strong>breviter,</strong></span> <span class='ocrx_word' id='word_1_118' title='bbox 1100 2238 1216 2310; x_wconf 87' lang='lat' dir='ltr'><strong>verbis</strong></span> 
     </span>
     <span class='ocr_line' id='line_1_16' title="bbox 112 2355 1002 2450; baseline -0.001 -23"><span class='ocrx_word' id='word_1_119' title='bbox 112 2358 212 2429; x_wconf 90' lang='lat' dir='ltr'><strong>nudis</strong></span> <span class='ocrx_word' id='word_1_120' title='bbox 229 2380 274 2428; x_wconf 88' lang='lat' dir='ltr'><strong>ac</strong></span> <span class='ocrx_word' id='word_1_121' title='bbox 290 2355 517 2449; x_wconf 87' lang='lat' dir='ltr'><strong>simplicibus,</strong></span> <span class='ocrx_word' id='word_1_122' title='bbox 536 2367 785 2450; x_wconf 86' lang='lat' dir='ltr'><strong>repracsentare</strong></span> <span class='ocrx_word' id='word_1_123' title='bbox 804 2358 919 2427; x_wconf 90' lang='lat' dir='ltr'><strong>visum</strong></span> <span class='ocrx_word' id='word_1_124' title='bbox 937 2366 1002 2426; x_wconf 87' lang='lat' dir='ltr'><strong>est.</strong></span> 
     </span>
    </p>
   </div>
   <div class='ocr_carea' id='block_1_4' title="bbox 159 2553 1219 2754">
    <p class='ocr_par' dir='ltr' id='par_1_4' title="bbox 159 2553 1219 2754">
     <span class='ocr_line' id='line_1_17' title="bbox 601 2553 722 2628; baseline 0.025 -3"><span class='ocrx_word' id='word_1_125' title='bbox 601 2553 722 2628; x_wconf 87' lang='lat' dir='ltr'><strong>XCV.</strong></span> 
     </span>
     <span class='ocr_line' id='line_1_18' title="bbox 159 2658 1219 2754; baseline -0.002 -22"><span class='ocrx_word' id='word_1_126' title='bbox 159 2661 233 2747; x_wconf 87' lang='lat' dir='ltr'><strong>Qui</strong></span> <span class='ocrx_word' id='word_1_127' title='bbox 254 2670 496 2731; x_wconf 85' lang='lat' dir='ltr'><strong>tractaverunt</strong></span> <span class='ocrx_word' id='word_1_128' title='bbox 514 2662 689 2743; x_wconf 86' lang='lat' dir='ltr'><strong>scientias,</strong></span> <span class='ocrx_word' id='word_1_129' title='bbox 702 2671 765 2732; x_wconf 90' lang='lat' dir='ltr'><strong>aut</strong></span> <span class='ocrx_word' id='word_1_130' title='bbox 782 2658 984 2754; x_wconf 81' lang='lat' dir='ltr'><strong>empirici¹³‚</strong></span> <span class='ocrx_word' id='word_1_131' title='bbox 997 2669 1060 2732; x_wconf 90' lang='lat' dir='ltr'><strong>aut</strong></span> <span class='ocrx_word' id='word_1_132' title='bbox 1074 2660 1219 2754; x_wconf 83' lang='lat' dir='ltr'><strong>dogma·</strong></span> 
     </span>
    </p>
   </div>
   <div class='ocr_carea' id='block_1_5' title="bbox 104 2775 1223 4159">
    <p class='ocr_par' dir='ltr' id='par_1_5' title="bbox 104 2775 1223 4159">
     <span class='ocr_line' id='line_1_19' title="bbox 112 2775 1219 2874; baseline -0.003 -25"><span class='ocrx_word' id='word_1_133' title='bbox 112 2778 170 2849; x_wconf 84' lang='lat' dir='ltr'><strong>tici</strong></span> <span class='ocrx_word' id='word_1_134' title='bbox 179 2775 205 2821; x_wconf 83' lang='lat'><strong>¹⁴</strong></span> <span class='ocrx_word' id='word_1_135' title='bbox 223 2779 382 2848; x_wconf 86' lang='lat' dir='ltr'><strong>fuerunt.</strong></span> <span class='ocrx_word' id='word_1_136' title='bbox 427 2776 609 2869; x_wconf 89' lang='lat' dir='ltr'><strong>Empirici,</strong></span> <span class='ocrx_word' id='word_1_137' title='bbox 627 2778 781 2849; x_wconf 83' lang='lat' dir='ltr'><strong>formicae</strong></span> <span class='ocrx_word' id='word_1_138' title='bbox 798 2800 909 2861; x_wconf 87' lang='lat' dir='ltr'><strong>more,</strong></span> <span class='ocrx_word' id='word_1_139' title='bbox 926 2784 1122 2874; x_wconf 73' lang='lat' dir='ltr'><strong>congemui</strong></span> <span class='ocrx_word' id='word_1_140' title='bbox 1140 2787 1219 2847; x_wconf 90' lang='lat' dir='ltr'><strong>tan·</strong></span> 
     </span>
     <span class='ocr_line' id='line_1_20' title="bbox 113 2892 1218 2978; baseline 0 -14"><span class='ocrx_word' id='word_1_141' title='bbox 113 2905 200 2978; x_wconf 89' lang='lat' dir='ltr'><strong>tum,</strong></span> <span class='ocrx_word' id='word_1_142' title='bbox 224 2903 264 2964; x_wconf 90' lang='lat' dir='ltr'><strong>et</strong></span> <span class='ocrx_word' id='word_1_143' title='bbox 287 2904 456 2965; x_wconf 88' lang='lat' dir='ltr'><strong>utuntur:</strong></span> <span class='ocrx_word' id='word_1_144' title='bbox 485 2893 683 2974; x_wconf 82' lang='lat' dir='ltr'><strong>rationales,</strong></span> <span class='ocrx_word' id='word_1_145' title='bbox 703 2917 910 2965; x_wconf 88' lang='lat' dir='ltr'><strong>aranearum</strong></span> <span class='ocrx_word' id='word_1_146' title='bbox 933 2917 1042 2978; x_wconf 85' lang='lat' dir='ltr'><strong>more,</strong></span> <span class='ocrx_word' id='word_1_147' title='bbox 1061 2892 1150 2965; x_wconf 90' lang='lat' dir='ltr'><strong>telas</strong></span> <span class='ocrx_word' id='word_1_148' title='bbox 1172 2916 1218 2964; x_wconf 84' lang='lat' dir='ltr'><strong>ex</strong></span> 
     </span>
     <span class='ocr_line' id='line_1_21' title="bbox 112 3011 1218 3104; baseline -0.002 -22"><span class='ocrx_word' id='word_1_149' title='bbox 112 3033 148 3082; x_wconf 85' lang='lat' dir='ltr'><strong>sc</strong></span> <span class='ocrx_word' id='word_1_150' title='bbox 164 3012 381 3084; x_wconf 88' lang='lat' dir='ltr'><strong>conficiunt:</strong></span> <span class='ocrx_word' id='word_1_151' title='bbox 407 3011 482 3104; x_wconf 90' lang='lat' dir='ltr'><strong>apis</strong></span> <span class='ocrx_word' id='word_1_152' title='bbox 498 3032 582 3081; x_wconf 88' lang='lat' dir='ltr'><strong>vero</strong></span> <span class='ocrx_word' id='word_1_153' title='bbox 600 3012 689 3080; x_wconf 87' lang='lat' dir='ltr'><strong>ratio</strong></span> <span class='ocrx_word' id='word_1_154' title='bbox 710 3011 829 3081; x_wconf 86' lang='lat' dir='ltr'><strong>media</strong></span> <span class='ocrx_word' id='word_1_155' title='bbox 852 3022 917 3095; x_wconf 86' lang='lat' dir='ltr'><strong>est,</strong></span> <span class='ocrx_word' id='word_1_156' title='bbox 937 3035 1014 3104; x_wconf 86' lang='lat' dir='ltr'><strong>qnae</strong></span> <span class='ocrx_word' id='word_1_157' title='bbox 1031 3011 1218 3082; x_wconf 88' lang='lat' dir='ltr'><strong>materiam</strong></span> 
     </span>
     <span class='ocr_line' id='line_1_22' title="bbox 113 3127 1220 3221; baseline -0.003 -22"><span class='ocrx_word' id='word_1_158' title='bbox 113 3152 157 3200; x_wconf 84' lang='lat' dir='ltr'><strong>ex</strong></span> <span class='ocrx_word' id='word_1_159' title='bbox 175 3127 322 3199; x_wconf 87' lang='lat' dir='ltr'><strong>floribus</strong></span> <span class='ocrx_word' id='word_1_160' title='bbox 338 3128 431 3199; x_wconf 89' lang='lat' dir='ltr'><strong>horti</strong></span> <span class='ocrx_word' id='word_1_161' title='bbox 449 3136 487 3197; x_wconf 92' lang='lat' dir='ltr'><strong>et</strong></span> <span class='ocrx_word' id='word_1_162' title='bbox 504 3128 578 3221; x_wconf 83' lang='lat' dir='ltr'><strong>agri</strong></span> <span class='ocrx_word' id='word_1_163' title='bbox 597 3127 716 3212; x_wconf 90' lang='lat' dir='ltr'><strong>elicit;</strong></span> <span class='ocrx_word' id='word_1_164' title='bbox 744 3129 805 3199; x_wconf 90' lang='lat' dir='ltr'><strong>sed</strong></span> <span class='ocrx_word' id='word_1_165' title='bbox 830 3139 952 3200; x_wconf 91' lang='lat' dir='ltr'><strong>tamen</strong></span> <span class='ocrx_word' id='word_1_166' title='bbox 977 3151 1056 3199; x_wconf 90' lang='lat' dir='ltr'><strong>eam</strong></span> <span class='ocrx_word' id='word_1_167' title='bbox 1080 3128 1220 3221; x_wconf 87' lang='lat' dir='ltr'><strong>propria</strong></span> 
     </span>
     <span class='ocr_line' id='line_1_23' title="bbox 113 3243 1221 3338; baseline -0.003 -22"><span class='ocrx_word' id='word_1_168' title='bbox 113 3245 286 3317; x_wconf 82' lang='lat' dir='ltr'><strong>facultate</strong></span> <span class='ocrx_word' id='word_1_169' title='bbox 315 3245 423 3315; x_wconf 84' lang='lat' dir='ltr'><strong>vertit</strong></span> <span class='ocrx_word' id='word_1_170' title='bbox 453 3254 492 3316; x_wconf 87' lang='lat' dir='ltr'><strong>et</strong></span> <span class='ocrx_word' id='word_1_171' title='bbox 519 3245 659 3338; x_wconf 88' lang='lat' dir='ltr'><strong>digerit.</strong></span> <span class='ocrx_word' id='word_1_172' title='bbox 719 3244 850 3337; x_wconf 89' lang='lat' dir='ltr'><strong>Neque</strong></span> <span class='ocrx_word' id='word_1_173' title='bbox 878 3243 1039 3315; x_wconf 85' lang='lat' dir='ltr'><strong>absimile</strong></span> <span class='ocrx_word' id='word_1_174' title='bbox 1068 3243 1221 3337; x_wconf 89' lang='lat' dir='ltr'><strong>philoso-</strong></span> 
     </span>
     <span class='ocr_line' id='line_1_24' title="bbox 113 3359 1221 3456; baseline -0.004 -23"><span class='ocrx_word' id='word_1_175' title='bbox 113 3362 205 3456; x_wconf 86' lang='lat' dir='ltr'><strong>phiae</strong></span> <span class='ocrx_word' id='word_1_176' title='bbox 232 3384 357 3432; x_wconf 85' lang='lat' dir='ltr'><strong>verum</strong></span> <span class='ocrx_word' id='word_1_177' title='bbox 387 3363 566 3455; x_wconf 86' lang='lat' dir='ltr'><strong>opificium</strong></span> <span class='ocrx_word' id='word_1_178' title='bbox 596 3372 673 3446; x_wconf 88' lang='lat' dir='ltr'><strong>est;</strong></span> <span class='ocrx_word' id='word_1_179' title='bbox 710 3362 804 3453; x_wconf 92' lang='lat' dir='ltr'><strong>quod</strong></span> <span class='ocrx_word' id='word_1_180' title='bbox 832 3385 899 3431; x_wconf 90' lang='lat' dir='ltr'><strong>nec</strong></span> <span class='ocrx_word' id='word_1_181' title='bbox 927 3362 1059 3430; x_wconf 89' lang='lat' dir='ltr'><strong>mentis</strong></span> <span class='ocrx_word' id='word_1_182' title='bbox 1087 3359 1221 3429; x_wconf 84' lang='lat' dir='ltr'><strong>viribus</strong></span> 
     </span>
     <span class='ocr_line' id='line_1_25' title="bbox 115 3476 1221 3570; baseline -0.004 -22"><span class='ocrx_word' id='word_1_183' title='bbox 115 3488 256 3548; x_wconf 88' lang='lat' dir='ltr'><strong>tanturn</strong></span> <span class='ocrx_word' id='word_1_184' title='bbox 283 3488 346 3548; x_wconf 88' lang='lat' dir='ltr'><strong>aut</strong></span> <span class='ocrx_word' id='word_1_185' title='bbox 372 3479 547 3570; x_wconf 82' lang='lat' dir='ltr'><strong>praecipue</strong></span> <span class='ocrx_word' id='word_1_186' title='bbox 574 3478 712 3559; x_wconf 87' lang='lat' dir='ltr'><strong>nititur,</strong></span> <span class='ocrx_word' id='word_1_187' title='bbox 735 3500 852 3567; x_wconf 90' lang='lat' dir='ltr'><strong>neque</strong></span> <span class='ocrx_word' id='word_1_188' title='bbox 877 3499 923 3545; x_wconf 89' lang='lat' dir='ltr'><strong>ex</strong></span> <span class='ocrx_word' id='word_1_189' title='bbox 948 3476 1095 3546; x_wconf 89' lang='lat' dir='ltr'><strong>historia</strong></span> <span class='ocrx_word' id='word_1_190' title='bbox 1117 3484 1221 3544; x_wconf 88' lang='lat' dir='ltr'><strong>natu·</strong></span> 
     </span>
     <span class='ocr_line' id='line_1_26' title="bbox 115 3589 1220 3685; baseline -0.004 -21"><span class='ocrx_word' id='word_1_191' title='bbox 115 3594 179 3664; x_wconf 88' lang='lat' dir='ltr'><strong>rali</strong></span> <span class='ocrx_word' id='word_1_192' title='bbox 197 3604 236 3666; x_wconf 89' lang='lat' dir='ltr'><strong>et</strong></span> <span class='ocrx_word' id='word_1_193' title='bbox 252 3593 470 3664; x_wconf 90' lang='lat' dir='ltr'><strong>mechanicis</strong></span> <span class='ocrx_word' id='word_1_194' title='bbox 491 3589 745 3685; x_wconf 84' lang='lat' dir='ltr'><strong>experimentis</strong></span> <span class='ocrx_word' id='word_1_195' title='bbox 766 3591 949 3684; x_wconf 71' lang='lat' dir='ltr'><strong>praebitam</strong></span> <span class='ocrx_word' id='word_1_196' title='bbox 972 3592 1159 3662; x_wconf 91' lang='lat' dir='ltr'><strong>materiam</strong></span> <span class='ocrx_word' id='word_1_197' title='bbox 1182 3592 1220 3660; x_wconf 93' lang='lat' dir='ltr'><strong>in</strong></span> 
     </span>
     <span class='ocr_line' id='line_1_27' title="bbox 116 3707 1222 3804; baseline -0.002 -24"><span class='ocrx_word' id='word_1_198' title='bbox 116 3712 287 3782; x_wconf 89' lang='lat' dir='ltr'><strong>memoria</strong></span> <span class='ocrx_word' id='word_1_199' title='bbox 312 3712 499 3804; x_wconf 84' lang='lat' dir='ltr'><strong>integram,</strong></span> <span class='ocrx_word' id='word_1_200' title='bbox 519 3710 580 3779; x_wconf 92' lang='lat' dir='ltr'><strong>sed</strong></span> <span class='ocrx_word' id='word_1_201' title='bbox 604 3709 639 3776; x_wconf 95' lang='lat' dir='ltr'><strong>in</strong></span> <span class='ocrx_word' id='word_1_202' title='bbox 664 3707 850 3777; x_wconf 90' lang='lat' dir='ltr'><strong>intellectu</strong></span> <span class='ocrx_word' id='word_1_203' title='bbox 877 3717 1053 3778; x_wconf 88' lang='lat' dir='ltr'><strong>mutatam</strong></span> <span class='ocrx_word' id='word_1_204' title='bbox 1078 3716 1116 3778; x_wconf 89' lang='lat' dir='ltr'><strong>et</strong></span> <span class='ocrx_word' id='word_1_205' title='bbox 1139 3707 1222 3778; x_wconf 91' lang='lat' dir='ltr'><strong>snb-</strong></span> 
     </span>
     <span class='ocr_line' id='line_1_28' title="bbox 117 3821 1223 3919; baseline -0.005 -21"><span class='ocrx_word' id='word_1_206' title='bbox 117 3836 242 3909; x_wconf 75' lang='lat' dir='ltr'><strong>actam</strong></span> <span class='ocrx_word' id='word_1_207' title='bbox 268 3827 420 3919; x_wconf 90' lang='lat' dir='ltr'><strong>reponit.</strong></span> <span class='ocrx_word' id='word_1_208' title='bbox 480 3822 608 3917; x_wconf 86' lang='lat' dir='ltr'><strong>Itaque</strong></span> <span class='ocrx_word' id='word_1_209' title='bbox 633 3846 679 3893; x_wconf 86' lang='lat' dir='ltr'><strong>ex</strong></span> <span class='ocrx_word' id='word_1_210' title='bbox 705 3821 831 3892; x_wconf 91' lang='lat' dir='ltr'><strong>harum</strong></span> <span class='ocrx_word' id='word_1_211' title='bbox 860 3823 1071 3895; x_wconf 87' lang='lat' dir='ltr'><strong>facultatum</strong></span> <span class='ocrx_word' id='word_1_212' title='bbox 1098 3821 1223 3917; x_wconf 85' lang='lat' dir='ltr'><strong>(expe-</strong></span> 
     </span>
     <span class='ocr_line' id='line_1_29' title="bbox 117 3938 1222 4033; baseline 0 -21"><span class='ocrx_word' id='word_1_213' title='bbox 117 3940 312 4014; x_wconf 88' lang='lat' dir='ltr'><strong>rimentalis</strong></span> <span class='ocrx_word' id='word_1_214' title='bbox 340 3941 485 4026; x_wconf 89' lang='lat' dir='ltr'><strong>scilicet,</strong></span> <span class='ocrx_word' id='word_1_215' title='bbox 512 3951 551 4012; x_wconf 92' lang='lat' dir='ltr'><strong>et</strong></span> <span class='ocrx_word' id='word_1_216' title='bbox 579 3938 777 4033; x_wconf 87' lang='lat' dir='ltr'><strong>rationalis)</strong></span> <span class='ocrx_word' id='word_1_217' title='bbox 803 3941 954 4013; x_wconf 88' lang='lat' dir='ltr'><strong>arctiore</strong></span> <span class='ocrx_word' id='word_1_218' title='bbox 981 3951 1019 4013; x_wconf 91' lang='lat' dir='ltr'><strong>et</strong></span> <span class='ocrx_word' id='word_1_219' title='bbox 1046 3942 1222 4013; x_wconf 87' lang='lat' dir='ltr'><strong>sanctiore</strong></span> 
     </span>
     <span class='ocr_line' id='line_1_30' title="bbox 104 4057 1221 4159; baseline -0.001 -31"><span class='ocrx_word' id='word_1_220' title='bbox 104 4059 249 4159; x_wconf 15' lang='lat' dir='ltr'><strong>‘foedere</strong></span> <span class='ocrx_word' id='word_1_221' title='bbox 268 4057 378 4153; x_wconf 88' lang='lat' dir='ltr'><strong>(quod</strong></span> <span class='ocrx_word' id='word_1_222' title='bbox 402 4059 519 4130; x_wconf 90' lang='lat' dir='ltr'><strong>adhuc</strong></span> <span class='ocrx_word' id='word_1_223' title='bbox 545 4059 682 4130; x_wconf 85' lang='lat' dir='ltr'><strong>factum</strong></span> <span class='ocrx_word' id='word_1_224' title='bbox 705 4080 776 4127; x_wconf 90' lang='lat' dir='ltr'><strong>non</strong></span> <span class='ocrx_word' id='word_1_225' title='bbox 801 4060 872 4154; x_wconf 88' lang='lat' dir='ltr'><strong>est)</strong></span> <span class='ocrx_word' id='word_1_226' title='bbox 894 4059 985 4131; x_wconf 89' lang='lat' dir='ltr'><strong>bene</strong></span> <span class='ocrx_word' id='word_1_227' title='bbox 1009 4058 1221 4153; x_wconf 86' lang='lat' dir='ltr'><strong>sperandum</strong></span> 
     </span>
    </p>
   </div>
   <div class='ocr_carea' id='block_1_6' title="bbox 118 4186 739 4347">
    <p class='ocr_par' dir='ltr' id='par_1_6' title="bbox 118 4186 739 4347">
     <span class='ocr_line' id='line_1_31' title="bbox 118 4186 180 4247; baseline 0 0"><span class='ocrx_word' id='word_1_228' title='bbox 118 4186 180 4247; x_wconf 90' lang='lat' dir='ltr'><strong>est.</strong></span> 
     </span>
     <span class='ocr_line' id='line_1_32' title="bbox 598 4271 739 4347; baseline 0 -1"><span class='ocrx_word' id='word_1_229' title='bbox 598 4271 739 4347; x_wconf 87' lang='lat' dir='ltr'><strong>XCVI.</strong></span> 
     </span>
    </p>
   </div>
   <div class='ocr_carea' id='block_1_7' title="bbox 168 4390 1220 4487">
    <p class='ocr_par' dir='ltr' id='par_1_7' title="bbox 168 4390 1220 4487">
     <span class='ocr_line' id='line_1_33' title="bbox 168 4390 1220 4487; baseline -0.004 -23"><span class='ocrx_word' id='word_1_230' title='bbox 168 4390 354 4464; x_wconf 89' lang='lat' dir='ltr'><strong>Naturalis</strong></span> <span class='ocrx_word' id='word_1_231' title='bbox 378 4393 601 4487; x_wconf 88' lang='lat' dir='ltr'><strong>philosophia</strong></span> <span class='ocrx_word' id='word_1_232' title='bbox 628 4391 745 4465; x_wconf 88' lang='lat' dir='ltr'><strong>adhuc</strong></span> <span class='ocrx_word' id='word_1_233' title='bbox 770 4393 906 4465; x_wconf 88' lang='lat' dir='ltr'><strong>sincera</strong></span> <span class='ocrx_word' id='word_1_234' title='bbox 933 4416 1004 4464; x_wconf 92' lang='lat' dir='ltr'><strong>non</strong></span> <span class='ocrx_word' id='word_1_235' title='bbox 1029 4393 1220 4475; x_wconf 89' lang='lat' dir='ltr'><strong>invenitur,</strong></span> 
     </span>
    </p>
   </div>
   <div class='ocr_carea' id='block_1_8' title="bbox 224 4597 1115 4671">
    <p class='ocr_par' dir='ltr' id='par_1_8' title="bbox 224 4597 1115 4671">
     <span class='ocr_line' id='line_1_34' title="bbox 224 4597 1115 4671; baseline -0.004 -16"><span class='ocrx_word' id='word_1_236' title='bbox 224 4599 248 4640; x_wconf 79' lang='lat'><strong>¹³</strong></span> <span class='ocrx_word' id='word_1_237' title='bbox 267 4599 310 4655; x_wconf 79' lang='lat' dir='ltr'><strong>cf.</strong></span> <span class='ocrx_word' id='word_1_238' title='bbox 323 4618 395 4671; x_wconf 86' lang='lat' dir='ltr'><strong>supr.</strong></span> <span class='ocrx_word' id='word_1_239' title='bbox 411 4603 434 4659; x_wconf 90' lang='lat' dir='ltr'><strong>l.</strong></span> <span class='ocrx_word' id='word_1_240' title='bbox 448 4602 491 4671; x_wconf 77' lang='lat'><strong>64.</strong></span> <span class='ocrx_word' id='word_1_241' title='bbox 671 4599 695 4640; x_wconf 85' lang='lat'><strong>¹⁴</strong></span> <span class='ocrx_word' id='word_1_242' title='bbox 714 4600 755 4656; x_wconf 84' lang='lat' dir='ltr'><strong>Ci.</strong></span> <span class='ocrx_word' id='word_1_243' title='bbox 768 4601 875 4657; x_wconf 83' lang='lat' dir='ltr'><strong>Prelace</strong></span> <span class='ocrx_word' id='word_1_244' title='bbox 887 4602 940 4657; x_wconf 86' lang='lat' dir='ltr'><strong>and</strong></span> <span class='ocrx_word' id='word_1_245' title='bbox 953 4616 1027 4664; x_wconf 86' lang='lat' dir='ltr'><strong>supr.</strong></span> <span class='ocrx_word' id='word_1_246' title='bbox 1039 4597 1060 4652; x_wconf 91' lang='lat' dir='ltr'><strong>l.</strong></span> <span class='ocrx_word' id='word_1_247' title='bbox 1072 4597 1115 4648; x_wconf 85' lang='lat'><strong>6·.</strong></span> 
     </span>
    </p>
   </div>
   <div class='ocr_carea' id='block_1_9' title="bbox 0 0 1373 5226">
    <p class='ocr_par' dir='ltr' id='par_1_9' title="bbox 0 0 1373 5226">
     <span class='ocr_line' id='line_1_35' title="bbox 0 0 1373 5226; baseline 0 0"><span class='ocrx_word' id='word_1_248' title='bbox 0 0 1373 5226; x_wconf 95' lang='lat' dir='ltr'><strong> </strong></span> 
     </span>
    </p>
   </div>
  </div>
 </body>
</html>
