2708 5226
610 320 614 327 e
1189 35 1275 343 Ι

124 518 191 586 256
450 519 624 586 NOVUM
647 517 899 585 ORGANUM.

126 683 343 756 auxiliantur
363 686 492 756 sensui.
544 683 638 756 Cum
658 685 754 756 enim
771 683 889 754 omnis
911 677 1157 776 interpretatio
1174 699 1227 748 na·

127 807 217 872 aare
231 801 378 894 incipiat
393 823 416 871 a
432 823 561 884 aenau;
586 808 695 893 atqua
712 821 919 872 asensuum
935 794 1226 891 perceptionibus,

127 924 236 997 recta,
258 916 446 997 constanti,
468 924 507 986 et
531 916 670 986 munita
692 917 760 999 via,
778 915 889 986 ducat
914 914 961 986 ad
987 913 1227 1006 perceptiones

128 1029 444 1124 intellectusque
467 1040 552 1103 aunt
577 1031 739 1102 notiones
764 1053 856 1102 verae
882 1039 921 1102 et
945 1031 1150 1102 axiomata:
1175 1051 1228 1098 ne·

128 1169 225 1219 cesae
249 1155 314 1230 est,
335 1155 379 1217 ut
400 1153 535 1238 quanto
560 1147 673 1241 magia
697 1148 847 1240 copiosa
871 1154 912 1218 et
938 1155 1078 1218 exacta
1103 1144 1228 1215 trrerint

128 1264 466 1357 repraesentationes,
488 1263 562 1332 aive
587 1262 810 1355 praebitiones
835 1264 948 1356 ipsius
974 1284 1112 1346 sensus,
1135 1266 1227 1331 tauta

128 1379 248 1450 omnia
265 1378 395 1449 cedant
411 1375 550 1447 facilius
567 1383 605 1446 et
622 1373 769 1446 felicius„

180 1491 320 1563 Harum
346 1500 468 1563 autam
491 1491 650 1582 quinquo
676 1489 926 1561 instantiarum
952 1487 1141 1584 lampadis,
1165 1489 1227 1582 pri·

128 1603 227 1677 moe³¹
251 1607 427 1687 roborant,
445 1605 627 1699 ampliant,
648 1615 687 1677 et
709 1607 908 1678 rectificant
930 1608 1094 1678 actiones
1114 1627 1226 1678 sensus

129 1723 374 1794 immediatas:
404 1722 570 1794 secundia
594 1722 778 1794 deducunt
802 1722 1060 1794 non-aensibile
1085 1723 1132 1794 ad
1156 1743 1227 1792 san-

13 1869 20 1881 ·
129 1837 250 1928 sibile:
277 1838 391 1910 tortia
408 1837 568 1910 indicant
585 1861 767 1932 processus
788 1841 1018 1911 continuatos
1036 1842 1112 1911 aive
1127 1839 1227 1911 series

129 1977 251 2027 aarum
273 1977 392 2025 rerum
415 1963 454 2025 et
475 1963 650 2038 motuum,
667 1978 746 2048 quaa
766 1955 822 2047 (ut
844 1955 1058 2049 plurimum)
1076 1979 1149 2028 non
1171 1978 1227 2025 no

130 2080 262 2154 tantur,
279 2071 346 2143 nisi
371 2072 408 2142 in
426 2072 527 2143 exitu
550 2080 613 2142 aut
636 2073 807 2165 periodis:
833 2080 971 2164 quartae
996 2072 1133 2166 aliquid
1154 2072 1227 2144 aub-

129 2188 286 2259 stituunt
309 2188 426 2259 sensui
452 2189 489 2257 in
511 2188 617 2260 meris
643 2189 958 2261 destitutionibus:
984 2191 1121 2281 quintae
1140 2191 1228 2260 exci-

131 2312 212 2376 tant
241 2304 478 2375 attentionem
509 2326 630 2374 sanans
660 2312 700 2374 at
728 2305 1000 2389 advertentiam,
1027 2315 1139 2399 atquo
1164 2327 1227 2376 una

131 2419 288 2492 limitent
317 2417 551 2492 subtilitatem
579 2442 710 2491 rerum.
767 2418 824 2491 De
853 2420 910 2492 his
936 2430 1064 2497 autem
1090 2420 1227 2516 singulis

125 2540 202 2631 jam
220 2538 411 2610 <licendum
429 2547 495 2608 est.

589 2726 780 2800 XXXIX.

181 2855 281 2925 Inter
302 2853 555 2950 prorepatiaaa
583 2853 840 2938 instantiarum,
868 2878 1046 2949 ponemus
1072 2856 1152 2927 loco
1176 2855 1229 2925 de·

132 2973 225 3043 eima
248 2979 350 3040 sexto
374 2969 557 3040 instantias
573 2968 698 3061 sanare
720 2971 795 3042 aive
815 2979 950 3064 partae:
981 2995 1025 3042 eo
1054 2973 1152 3041 enim
1175 2993 1230 3041 na·

132 3089 230 3156 mina
254 3106 313 3156 eas
338 3084 567 3178 appellamus,
586 3108 663 3176 quae
681 3085 813 3176 juvant
837 3088 997 3158 actiones
1024 3109 1149 3158 sensus
1172 3088 1229 3155 im-

132 3202 315 3273 mediatas.
368 3199 469 3272 Inter
485 3222 607 3271 sensus
633 3209 755 3270 autem
782 3201 1013 3272 manifestum
1038 3213 1095 3272 est
1121 3211 1231 3295 partes

132 3320 261 3411 primas
279 3327 402 3387 tenere
420 3317 545 3398 visum,
563 3315 680 3407 quoad
698 3316 1007 3389 informationem:
1027 3340 1139 3409 quara
1155 3317 1231 3387 buia

133 3435 251 3506 sensui
277 3433 452 3527 praecipue
476 3430 610 3501 auxilia
636 3433 885 3522 conquirenda.
937 3431 1092 3504 Auxilia
1116 3442 1230 3503 autem

134 3550 287 3643 triplicia
320 3570 396 3618 esso
428 3536 531 3639 posse
566 3545 755 3617 videntur:
796 3547 854 3619 vel
884 3557 926 3619 ut
956 3549 1133 3641 percipiat
1166 3568 1230 3617 non

168 3801 192 3841 ³¹
211 3800 270 3855 The
291 3808 331 3854 sat
350 3799 470 3869 (Januae)
489 3798 598 3870 provide
619 3799 664 3854 ln·
705 3818 812 3871 process
833 3803 863 3856 ol
880 3801 1085 3857 Natura-that
1106 3805 1127 3858 it
1148 3804 1171 3859 is
1191 3810 1232 3858 act

134 3880 293 3935 strumental
308 3877 361 3942 aid,
380 3879 434 3933 like
452 3877 498 3932 the
512 3878 664 3948 Telescopa,
705 3884 780 3950 “per
791 3881 919 3935 saltum.''

134 3958 194 4020 irc,
212 3965 241 4011 to
263 3958 380 4011 increase
404 3955 457 4011 and
480 3957 599 4026 improve
619 3955 665 4010 tha
746 3956 804 4013 The
828 3959 876 4027 4th
903 3958 1116 4030 (Supplcmanti)
1144 3961 1234 4032 supply

134 4035 307 4106 impressione
319 4034 349 4089 ol
358 4051 443 4089 senaa
704 4036 875 4092 information
895 4036 984 4092 where
1006 4037 1054 4092 the
1074 4056 1167 4094 aenaea
1186 4038 1233 4094 {ab

169 4121 228 4176 'l'ba
250 4120 304 4176 and
325 4120 468 4191 (Citantes)
487 4122 593 4190 enlarge
615 4137 666 4174 our
707 4114 895 4170 Heinstancas
908 4115 1083 4186 Magnesiam.

134 4199 229 4271 sphera
266 4201 297 4254 oi
330 4198 443 4254 aenaible
478 4199 665 4270 appretiation.
739 4193 798 4248 'l'bo
818 4194 866 4264 5th
887 4192 1085 4263 (Peraacantaa)
1107 4201 1234 4266 perrenota

136 4279 210 4335 Such
232 4276 320 4332 would
338 4277 372 4332 be
392 4278 438 4332 tha
451 4277 603 4348 Ait-pump,
620 4276 666 4331 the
704 4271 762 4327 into
774 4272 819 4326 tha
831 4271 919 4327 subtlc
930 4281 1026 4327 nature
1037 4272 1069 4326 ot
1078 4269 1233 4345 thinga,and

136 4357 299 4420 Barometer,
318 4373 349 4410 or
375 4355 421 4410 the
442 4355 580 4410 Electrical
604 4355 664 4410 Ma·
705 4351 789 4405 excita
801 4349 846 4404 the
861 4350 991 4405 attention
1003 4351 1035 4405 oi
1043 4350 1090 4406 the
1107 4360 1233 4408 anuto

136 4436 223 4491 chine.
706 4427 880 4494 subnatare,
893 4428 1085 4486 whichbeiore
1097 4430 1234 4503 theym

170 4513 228 4568 'l'he
245 4511 293 4584 3rd
306 4512 389 4583 (vta)
405 4512 477 4567 show
491 4513 537 4567 the
554 4511 666 4584 gradual
706 4516 778 4562 want
789 4519 817 4564 to
829 4509 941 4578 neglect.
