2708 5226
208 583 275 650 116
531 580 707 648 NOVUM
729 580 978 648 ORGANUM.

261 891 366 976 Quod
394 913 479 963 vero
508 891 553 962 ad
584 912 702 960 rerum
731 888 909 961 vilitatem
943 890 1086 971 attinet,
1113 886 1168 958 vel
1200 887 1288 958 etiam

210 1008 479 1102 turpitudinem,
492 1007 620 1100 quibus
638 1004 696 1094 (ut
713 1006 765 1077 ait
783 1003 967 1093 Plinins⁵⁵)
988 1005 1102 1076 honos
1118 1004 1291 1098 praefandus

212 1134 287 1211 est;
314 1146 364 1194 eae
390 1145 454 1206 res,
471 1145 544 1193 nou
569 1124 686 1192 miuus
710 1145 818 1214 quam
843 1121 1050 1193 lautissimae
1073 1130 1114 1192 et
1139 1121 1295 1214 pretiosis

212 1242 319 1320 simae,
337 1241 375 1309 in
392 1238 577 1309 historiam
593 1237 792 1308 naturalem
809 1238 1022 1330 reeipieudoe
1039 1247 1137 1309 sunt.
1187 1237 1297 1329 Neque

213 1364 402 1450 propterea
426 1353 600 1447 polluitur
622 1352 795 1424 naturalis
819 1352 988 1425 historia:
1013 1352 1067 1424 sol
1092 1355 1192 1425 enim
1216 1375 1300 1446 eque

213 1468 347 1564 palatia
376 1481 414 1540 et
442 1468 578 1540 eloaeas
607 1469 815 1561 ingreditur,
841 1490 960 1560 neque
985 1479 1111 1541 tamen
1135 1469 1303 1564 polluitm.

215 1585 296 1658 Nos
312 1594 436 1658 autem
452 1608 525 1657 uon
542 1584 751 1679 capitolium
767 1583 912 1677 aliquod
929 1594 994 1656 aut
1011 1586 1232 1679 pyramidem
1253 1586 1306 1657 ho·

215 1704 354 1773 minum
386 1701 558 1794 superbia
587 1701 797 1773 dedicamus
824 1710 887 1771 aut
916 1701 1118 1785 condimus,
1142 1704 1207 1774 sed
1229 1715 1308 1774 teu·

217 1818 318 1912 plum
335 1828 498 1889 sanetum
514 1819 559 1889 ad
573 1815 756 1909 exemplar
767 1817 892 1887 muudi
911 1819 949 1887 iu
961 1817 1152 1889 intellectu
1165 1818 1310 1890 humano

218 1935 417 2005 fundamus.
458 1934 585 2025 Itaque
603 1932 787 2025 exemplar
802 1932 996 2026 sequimur.
1036 1932 1136 2005 Nam
1154 1934 1311 2028 quioquid

218 2051 372 2121 essentia
389 2049 536 2143 dignum
555 2059 619 2133 est,
638 2049 676 2119 id
693 2050 803 2119 etiam
820 2049 970 2119 scientia
985 2048 1149 2144 dignum,
1167 2074 1246 2144 qne
1264 2059 1312 2122 est

219 2166 380 2238 essentie
402 2162 564 2260 imagow.
615 2163 670 2236 At
686 2164 770 2236 vilia
794 2188 893 2258 seque
919 2166 1130 2252 subsistunt,
1147 2191 1191 2239 ae
1214 2167 1313 2238 heta

220 2281 440 2367 Quinetiam,
467 2290 510 2351 ut
539 2305 560 2353 e
590 2280 802 2373 quibusdam
833 2280 985 2373 putridis
1013 2283 1184 2367 materiis,
1213 2282 1314 2355 veluti

221 2409 343 2469 museo
361 2406 399 2467 et
415 2397 568 2480 zibetho,
586 2395 777 2488 aliquando
794 2398 921 2489 optimi
939 2397 1066 2469 odores
1087 2410 1315 2492 generantum

220 2516 272 2585 ita
297 2525 335 2585 et
360 2514 405 2584 ab
429 2515 608 2584 instantiis
630 2512 761 2583 vilibus
786 2522 824 2584 et
850 2513 1000 2584 sordidis
1018 2515 1233 2608 quandoque
1249 2517 1317 2587 exi·

221 2634 294 2701 mia
319 2630 384 2700 lux
401 2639 439 2700 et
455 2629 659 2699 informatio
677 2640 855 2698 emanant.
900 2627 1040 2699 Verum
1059 2631 1105 2701 de
1129 2629 1198 2703 hoe
1221 2633 1317 2702 nimis

222 2746 361 2826 multa;
396 2767 478 2816 cum
508 2745 576 2815 hoe
605 2765 721 2839 genus
750 2744 883 2815 fastidii
911 2746 957 2814 sit
984 2745 1091 2838 plane
1120 2747 1258 2840 puerile
1284 2759 1317 2818 et

224 2861 495 2932 effoeminatum.

700 2956 847 3028 CXXI.

274 3077 328 3147 At
357 3077 403 3147 de
432 3074 495 3145 illo
525 3075 670 3145 omuino
699 3076 812 3167 magis
845 3084 1010 3145 accurate
1041 3076 1320 3170 dispiciendum

226 3192 322 3284 quod
352 3190 505 3283 plurima
535 3191 573 3258 iu
602 3189 751 3259 historia
783 3197 904 3258 nostra
935 3192 1056 3281 captui
1088 3192 1236 3286 vulgari,
1264 3203 1321 3264 aut

227 3309 335 3377 etiam
354 3307 464 3376 cuivis
481 3303 691 3384 intellectui,
710 3303 830 3391 (rebus
855 3305 1088 3396 presentibus
1113 3310 1320 3398 assuefacto)

226 3424 445 3494 videbuntur
474 3421 620 3491 euriosae
655 3419 837 3511 cujusdam
869 3428 907 3488 et
936 3421 1074 3492 inutilis
1109 3425 1322 3496 subtilitatis.

228 3537 359 3630 Itaque
384 3538 429 3608 de
452 3537 520 3607 hoe
543 3546 628 3606 ante
652 3537 771 3605 omnia
788 3546 826 3605 et
842 3535 979 3605 dietum
998 3547 1036 3606 et
1054 3537 1247 3611 dicendum
1264 3552 1323 3612 est.

228 3653 310 3723 Hoc
327 3651 482 3736 scilieet;
508 3672 583 3733 nos,
595 3651 672 3740 jam
689 3649 755 3719 sub
772 3649 883 3718 initiis
899 3660 938 3719 et
954 3650 999 3719 ad
1018 3661 1171 3744 tempus,
1191 3665 1323 3725 tautum

229 3765 408 3864 lucifera⁵⁷
426 3767 681 3859 experimenta,
699 3787 770 3834 non
784 3760 983 3859 fructifero
1000 3789 1181 3859 quaerere;
1207 3772 1253 3842 ad
1270 3793 1324 3841 ex·

259 3964 284 4002 ⁸⁵
301 3962 384 4033 Pliny,
396 3961 460 4015 Nat.
475 3960 548 4015 Hiat.
561 3958 612 4014 xl.
622 3976 648 4014 2.
662 3959 763 4014 Rerum
805 3959 978 4033 Knowledge.
1014 3963 1121 4034 Takiug
1132 3969 1244 4021 mutia
1259 3968 1286 4022 iu
1299 3967 1329 4020 itt

230 4053 325 4097 natura
337 4056 470 4110 nusquam
482 4038 568 4109 megia
578 4056 660 4110 quam
672 4038 700 4092 in
712 4039 761 4092 mi·
802 4039 895 4092 widest
907 4058 993 4105 reuse,
1005 4042 1060 4096 this
1072 4042 1162 4097 worrld
1176 4045 1256 4099 stand
1267 4046 1328 4099 lora

230 4121 311 4176 nimia
323 4127 379 4173 tota
389 4126 439 4171 est.
470 4116 648 4186 Quapropter,
661 4135 761 4188 quaeso,
803 4116 964 4189 description
980 4120 1012 4173 oi
1023 4120 1112 4175 mh
1131 4121 1213 4187 itsell',
1226 4142 1258 4178 aa
1274 4125 1295 4178 it
1309 4123 1329 4175 it

232 4218 266 4255 ne
288 4199 346 4252 hoec
369 4197 495 4266 legentes,
516 4196 643 4266 qnoniam
666 4213 699 4249 ex
719 4195 761 4249 his
802 4197 901 4251 known
913 4206 942 4250 to
954 4215 996 4251 ns.

233 4283 363 4348 spernunt
375 4274 467 4335 multa,
476 4272 555 4327 stiam
567 4273 649 4326 relata
657 4273 762 4327 lastidio
840 4273 866 4314 ⁶⁷
885 4274 928 4328 ct.
943 4275 965 4329 1.
981 4291 1023 4345 70.
1036 4293 1081 4346 99.
1096 4293 1156 4347 117·

234 4356 370 4415 damnent,
396 4368 460 4406 cum
486 4351 515 4404 in
542 4352 765 4421 contemplatione
829 4353 889 4407 'l'lre
900 4353 958 4407 first
971 4353 1063 4423 period
1074 4355 1105 4408 oi
1115 4354 1261 4413 ludnotion
1271 4358 1294 4412 i·
1305 4373 1333 4410 aa

233 4445 337 4489 natura
355 4429 423 4485 nihil
440 4430 526 4500 possit
537 4427 620 4484 videri
639 4446 765 4500 superra-
805 4431 872 4485 little
884 4431 989 4486 unitim
1003 4448 1033 4485 ns
1047 4430 1093 4485 the
1105 4432 1286 4506 ud-aowing
1296 4436 1331 4496 ie

235 4528 326 4569 cuum.
806 4509 849 4563 ior
859 4510 889 4564 iu
901 4510 1061 4581 Physioms
1073 4509 1146 4565 inall
1158 4512 1331 4576 elaethussa

270 4588 297 4628 ὓ
314 4586 404 4641 Alina
420 4584 473 4640 aad
485 4585 556 4640 briei
565 4583 726 4656 description
738 4586 770 4640 ol
807 4587 874 4643 need
886 4587 918 4643 ol
926 4593 944 4617 ‘⁴
954 4587 1029 4643 Frith
1040 4588 1094 4643 and
1106 4587 1263 4648 Penestae?
1286 4589 1332 4644 We
