2708 5226
126 527 193 600 276
456 532 630 599 NOVUM
653 530 907 599 osannam.

126 706 191 768 ant
213 698 407 791 impediat3
433 721 515 770 cum
532 707 654 771 tamen
677 700 715 770 in
731 698 861 770 eodem
878 719 1022 794 genere
1045 720 1120 768 nna
1140 697 1230 769 adan

127 811 250 882 domat
267 818 306 882 et
322 814 532 909 extinguat:
558 812 684 902 veluti,
702 815 766 885 lux
781 813 882 900 solis,
899 813 1025 886 lucem
1043 811 1230 895 cicindele;

128 928 265 999 sonitus
287 928 498 1015 bombardae,
516 953 666 1016 vocem3
691 932 816 1002 sortior
840 931 947 1018 odor,
971 929 1229 1011 delicatiorem

127 1044 300 1116 intensior
328 1045 433 1131 calor,
458 1048 718 1131 remissiorem
751 1046 887 1118 lamina
913 1047 1002 1119 ferri
1033 1045 1229 1139 interposita

128 1164 223 1233 inter
254 1173 460 1256 magnetem
489 1173 527 1234 et
556 1162 651 1235 aliud
688 1165 832 1245 sermm,
858 1164 1115 1256 operationem
1143 1183 1229 1255 mug-

129 1280 232 1350 natis.
285 1277 423 1352 Verum
441 1278 487 1351 de
509 1279 566 1350 his
590 1302 741 1373 quoque,
758 1280 855 1350 iuter
877 1275 1100 1350 adminiculo
1121 1276 1229 1348 induo·

129 1394 246 1480 tionis,
263 1395 332 1467 erit
348 1395 509 1489 proprius
523 1395 667 1468 dicendi
684 1396 793 1467 locus.

608 1558 752 1633 XLIV.

180 1675 304 1770 Atque
322 1678 367 1749 de
383 1677 573 1762 instantiis,
593 1700 672 1770 quae
682 1677 813 1769 juvant
830 1696 990 1759 sensum,
1002 1675 1081 1768 jam
1099 1675 1226 1746 dictum

130 1803 204 1864 est:
225 1817 303 1886 quae
319 1794 488 1887 praeoipui
506 1817 590 1866 usus
607 1794 752 1864 suntad
769 1799 910 1886 partem
929 1788 1227 1863 informatione

131 1909 341 1980 informatio
364 1910 458 1980 enim
480 1911 606 2004 incipit
629 1932 782 1982 asensu.
833 1906 889 1978 At
907 1909 1115 1980 universum
1132 1929 1228 2001 nego-

130 2027 220 2097 tium
256 2024 387 2096 desinit
420 2027 456 2096 in
492 2049 620 2121 opera:
663 2036 772 2120 atque
805 2025 1116 2117 quemadmodum
1148 2022 1227 2095 illud

130 2143 353 2238 principium,
369 2143 421 2212 ita
437 2143 505 2215 hoo
528 2143 608 2214 finis
628 2145 678 2215 rei
696 2153 761 2216 est.
813 2142 1024 2234 Sequuntur
1046 2143 1167 2235 itaque
1183 2140 1229 2210 in·

130 2261 269 2331 stantia
291 2260 455 2354 praecipui
481 2283 564 2332 usus
587 2260 632 2332 ad
652 2267 789 2355 portem
813 2258 1040 2354 operativum.
1092 2256 1154 2330 Eae
1176 2279 1229 2351 ge

130 2396 215 2444 nere
240 2375 318 2445 duaa
340 2384 432 2460 sunt,
451 2399 598 2448 numero
622 2384 781 2469 septem:
806 2395 896 2467 quas
922 2375 1116 2456 universas,
1132 2395 1231 2468 gene·

130 2491 194 2562 ruli
213 2493 366 2574 nomine,
384 2492 569 2563 imtontios
581 2493 756 2588 practicus
779 2490 961 2585 appellare
978 2493 1228 2563 consuevimus

134 2608 328 2703 Operatiooe
341 2619 461 2679 autem
474 2610 591 2705 portis
605 2613 690 2680 vitia
707 2611 789 2692 duo,
801 2609 1028 2701 totidemque
1047 2611 1230 2704 dignitates

132 2727 380 2795 instantiarum
404 2728 441 2795 in
459 2751 601 2819 genere.
653 2727 733 2799 Aut
757 2728 852 2796 enim
871 2725 966 2796 fallit
987 2729 1160 2819 operatio,
1176 2734 1230 2795 aut

132 2853 255 2913 onerat
272 2844 387 2912 nimis.
440 2841 547 2914 Fallit
568 2846 726 2938 operatio
748 2843 906 2912 maxime
925 2845 1141 2935 (praesertim
1161 2848 1231 2934 post

133 2958 340 3052 diligentem
366 2969 570 3030 naturarum
592 2959 869 3052 inquisitionem)
889 2970 1039 3052 propter
1062 2959 1157 3031 male
1179 2958 1232 3027 de·

132 3077 340 3147 terminatas
366 3085 404 3146 et
429 3086 648 3146 mensuratas
674 3096 860 3167 corporum
884 3076 978 3146 vires
1004 3085 1044 3146 et
1071 3078 1232 3146 actiones.

135 3191 241 3263 Vires
264 3203 384 3263 autem
402 3202 439 3262 et
456 3193 614 3264 actiones
634 3214 819 3284 corporum
837 3192 1181 3264 circumscribuntur
1200 3202 1233 3264 et

135 3321 392 3393 mensurantur,
404 3320 467 3380 aut
485 3333 547 3402 per
564 3311 678 3402 spatia
695 3308 774 3390 loci,
787 3317 850 3379 aut
866 3331 931 3401 per
947 3320 1137 3381 momenta
1152 3321 1234 3381 tem·

134 3430 236 3520 poris,
252 3436 315 3498 aut
332 3451 396 3521 per
413 3428 580 3498 unionem
599 3427 734 3518 quanti,
747 3437 810 3495 aut
828 3449 891 3517 per
907 3428 1233 3518 praedominantiam

135 3542 297 3611 virtutis:
324 3564 406 3634 quae
429 3552 591 3633 quatuor,
610 3541 676 3610 nisi
699 3540 832 3608 fuerint
857 3540 968 3632 probe
992 3549 1033 3610 et
1049 3541 1236 3636 diligenter

135 3659 322 3751 pensitata,
347 3669 452 3728 erunt
476 3657 623 3727 fortasse
646 3658 801 3727 scientias
825 3654 1073 3748 speculatione
1097 3660 1234 3752 quiden

135 3771 306 3864 pulchrae,
325 3773 385 3843 sed
409 3797 516 3866 opere
540 3774 710 3844 inactiva.
763 3773 957 3844 Instantius
979 3798 1066 3846 vero
1089 3787 1236 3869 quatuor

136 3889 272 3968 itidem,
291 3912 369 3981 quse
387 3890 457 3959 huc
478 3891 691 3971 referuntur,
709 3912 780 3959 uno
803 3890 948 3960 nomine
966 3887 1156 3964 instantius
1173 3916 1237 3963 suo-

138 4002 335 4076 themulicos
352 4028 527 4089 vocamus,
545 4015 582 4076 et
600 4007 784 4077 instantius
802 4029 983 4078 mensum.

175 4174 200 4213 Μ
219 4175 270 4230 We
282 4194 357 4230 come
371 4195 432 4231 now
443 4188 472 4232 to
483 4177 529 4232 the
544 4177 615 4231 third
628 4177 668 4232 di·
709 4177 870 4248 operativa,”
882 4193 914 4231 or
925 4177 972 4232 the
984 4178 1187 4236 Mathematical
1198 4180 1239 4234 ln·

138 4254 224 4310 rision
247 4254 279 4308 ol
299 4255 345 4309 the
365 4254 546 4326 Prerogntivea
570 4256 601 4310 ol
623 4256 669 4310 ln·
710 4266 832 4319 stantem
857 4255 911 4309 and
932 4258 974 4325 (2)
996 4258 1076 4314 those
1096 4261 1183 4315 which
1202 4278 1239 4314 re·

139 4334 470 4389 oteness—“Instanees
499 4333 611 4405 tending
640 4345 669 4389 to
709 4334 1239 4408 lieve“praxia''humtoogreataload

140 4412 298 4467 Praetice:”
334 4412 408 4467 these
438 4431 481 4468 are
511 4412 669 4468 subdivided
710 4415 741 4468 of
754 4412 895 4476 lacts,and
908 4413 1134 4489 hombeingtoo
1151 4418 1238 4474 lahori-

138 4490 224 4546 under
235 4500 288 4546 two
300 4490 391 4546 hands.
422 4493 464 4561 (1)
481 4492 571 4547 Thone
582 4491 669 4546 which
710 4509 776 4557 ous;
794 4490 881 4546 which
899 4491 934 4547 he
951 4502 1037 4549 terma
1050 4498 1200 4568 propitians
1213 4513 1241 4550 or

140 4580 241 4626 correet
260 4569 306 4624 the
323 4570 450 4625 mistalrea
467 4570 499 4625 ol
516 4570 561 4625 the
581 4576 669 4642 “pars
710 4572 855 4626 bneoolest
867 4569 1018 4628 Instancea.
