2708 5226
210 616 274 683 156
540 614 714 680 NOVUM
737 611 985 678 ORGANUM.

211 794 271 856 tur
295 804 419 878 parurn
445 801 556 874 posse,
574 781 680 849 etiam
707 787 964 872 superterram
988 777 1150 870 planam;
1175 799 1235 848 nen
1248 801 1288 847 re·

211 900 296 973 flexi
326 898 445 980 etiam,
471 897 538 968 nisi
563 894 846 989 multiplicentur
870 903 908 965 et
933 894 1112 976 uniantur,
1139 895 1229 987 quod
1248 894 1290 975 fit,

211 1040 294 1089 eum
311 1014 364 1087 sol
381 1013 494 1109 magis
512 1012 626 1108 vergit
647 1014 692 1082 ad
715 1009 1028 1104 perpendicnlum
1055 1011 1139 1103 quia
1160 1021 1234 1080 tum
1251 1011 1293 1080 in·

211 1132 367 1208 cidentia
382 1131 562 1203 radiorum
580 1130 666 1200 facit
688 1128 837 1222 angulos
855 1130 1053 1210 acutiores3
1079 1137 1119 1198 ut
1137 1127 1235 1198 lineoe
1252 1149 1296 1197 ra

213 1251 353 1321 diorum
369 1249 441 1319 siut
459 1246 572 1340 magis
587 1247 624 1314 in
642 1245 858 1340 propinquo:
884 1245 946 1315 nbi
970 1253 1092 1315 contra
1117 1245 1154 1314 in
1178 1245 1296 1337 magnis

212 1364 484 1459 obliquitatibus
501 1362 593 1443 solis,
611 1363 733 1456 auguli
751 1371 835 1433 sunt
848 1361 951 1433 valde
969 1363 1098 1445 obtusi,
1112 1373 1151 1432 et
1167 1361 1298 1455 proinde

213 1481 317 1553 lineae
332 1479 511 1551 radiorum
530 1479 642 1572 magis
658 1478 829 1549 distantes
838 1475 876 1546 4⁵.
928 1476 1001 1548 Sed
1026 1478 1171 1549 interim
1190 1485 1300 1548 notan·

214 1597 300 1667 dum
317 1606 383 1679 est,
400 1594 532 1665 multas
553 1616 631 1664 esse
654 1616 756 1687 posse
779 1595 1003 1687 operationes
1026 1594 1206 1665 radiorum
1222 1592 1300 1672 solia

214 1724 323 1805 atque
346 1711 454 1781 etiam
480 1732 527 1781 ex
552 1718 679 1780 natura
703 1709 818 1793 calidi,
836 1732 915 1803 quse
930 1733 1002 1779 non
1019 1722 1105 1781 sunt
1121 1708 1302 1803 proportio

215 1837 307 1899 natae
328 1827 373 1897 ed
392 1834 528 1897 tactum
552 1837 731 1896 nostrum:
758 1827 847 1898 adeo
868 1835 910 1896 ut
932 1837 1098 1918 respectu
1115 1827 1225 1898 nostri
1240 1847 1301 1896 non

216 1952 407 2036 operentur
423 1965 533 2036 usqne
550 1945 595 2013 ad
612 1943 893 2027 calefactionem,
905 1943 968 2014 sed
985 1953 1150 2036 respectu
1167 1943 1302 2014 aliomm

216 2057 468 2131 nonnullorum
485 2082 671 2152 corporum
688 2069 912 2152 exequantur
928 2082 1035 2152 opera
1051 2060 1169 2131 calidi.

630 2239 695 2312 Ad
709 2240 902 2313 secundnm.

268 2362 302 2429 4.
330 2356 411 2431 Fiat
432 2356 638 2451 hujusmodi
661 2359 957 2451 experimentum.
1009 2357 1220 2455 Accipiatur
1240 2381 1304 2454 spe

217 2473 337 2545 culum
356 2473 565 2544 fabricatum
585 2485 707 2545 contra
725 2498 766 2545 ae
787 2475 829 2544 fit
850 2475 886 2544 in
910 2475 1063 2568 speculis
1080 2477 1306 2549 comburenti·

217 2590 304 2673 bus;
331 2600 369 2661 et
391 2590 638 2682 interponatur
660 2592 754 2662 iuter
775 2613 920 2661 manum
946 2602 984 2663 et
1008 2592 1126 2664 radios
1151 2594 1253 2672 aolis3
1278 2601 1307 2662 et

217 2707 280 2776 fiat
308 2705 517 2788 observatio,
543 2715 662 2774 utrum
689 2709 827 2777 minuat
852 2708 1005 2779 calorem
1031 2708 1126 2793 solis,
1152 2708 1308 2802 quemad·

219 2822 364 2892 modum
382 2821 565 2914 speculum
579 2822 789 2893 comburens
805 2824 960 2894 eundem
976 2835 1086 2921 auget
1098 2835 1136 2895 et
1154 2826 1308 2897 intendit.

222 2937 457 3008 Manifestum
475 2948 529 3008 est
546 2938 641 3007 enim
659 2939 774 3029 quoad
792 2940 906 3010 radios
928 2943 1073 3033 opticus,
1091 2951 1200 3034 prout
1217 2941 1310 3012 fabn'·

215 3065 316 3124 catur
332 3051 516 3145 speculum
536 3055 572 3123 in
592 3054 767 3124 densitate
791 3055 953 3148 inaequali
975 3072 1140 3151 respectu
1154 3057 1265 3163 medii
1281 3063 1311 3124 et

217 3165 379 3251 laterum,
392 3172 443 3240 ita
460 3191 628 3263 apparere
646 3170 833 3240 simulacra
850 3174 963 3265 magis
981 3172 1118 3256 diffusa,
1129 3182 1195 3245 aut
1212 3173 1313 3267 magis

216 3294 408 3356 contracta.
462 3284 589 3378 Itaque
607 3285 703 3356 idem
721 3285 914 3356 videndum
931 3289 968 3358 in
987 3288 1103 3360 calore
1111 3287 1150 3360 ⁴⁴.

634 3467 698 3540 Ad
712 3468 906 3540 secundom.

266 3591 300 3656 5.
328 3585 409 3657 Fiat
425 3587 712 3679 experimentum
736 3586 936 3682 diligenter,
956 3597 1075 3658 utrum
1093 3613 1159 3682 per
1175 3589 1312 3685 specula

252 3850 278 3890 ⁴³
294 3849 353 3904 'l'he
370 3868 431 3921 rays
450 3850 517 3906 have
535 3870 551 3906 a
567 3853 620 3906 less
636 3863 748 3908 amount
791 3861 907 3924 mystery
919 3853 1006 3909 which
1023 3873 1103 3926 every
1115 3855 1254 3930 discovery
1265 3858 1317 3912 that

218 3928 250 3983 of
262 3928 429 3998 atmosphere
441 3939 469 3984 to
483 3939 598 3985 traverso
614 3931 690 3985 when
703 3931 748 3986 the
791 3931 839 3986 hac
858 3932 925 3986 been
944 3932 1022 3987 made
1037 3934 1122 3988 either
1137 3936 1166 3989 in
1179 3936 1317 4006 chemistry

220 4007 278 4062 Sun
302 4007 326 4060 is
349 4007 378 4060 in
401 4008 505 4072 eenith3
536 4009 590 4063 and
613 4009 683 4063 what
707 4028 747 4064 re·
791 4029 822 4065 or
842 4012 937 4082 optics,
950 4029 980 4065 so
997 4012 1037 4065 far
1058 4012 1129 4067 from
1148 4016 1316 4086 elucidating,

217 4085 325 4139 flection
336 4084 480 4141 tbmeisis
492 4097 563 4142 most
575 4087 666 4143 direct.
693 4088 748 4144 But
792 4108 877 4145 seems
900 4091 964 4161 only
987 4100 1016 4145 to
1039 4091 1136 4146 render
1160 4111 1234 4149 more
1260 4110 1317 4166 pro-

218 4162 263 4217 the
281 4164 403 4235 question
416 4163 447 4218 of
460 4163 536 4220 Solar
549 4166 619 4221 lieet
635 4168 658 4221 ie
674 4167 702 4221 in
714 4169 747 4223 it·
791 4168 905 4224 found.’'

219 4241 271 4297 seli
280 4259 343 4312 very
354 4241 475 4306 obscure,
488 4243 542 4298 and
553 4244 603 4299 but
619 4246 686 4300 little
697 4263 749 4300 nn·
825 4247 851 4286 ⁴⁴
871 4246 937 4301 This
961 4265 1010 4303 can
1034 4247 1068 4303 be
1091 4250 1210 4305 verified
1247 4251 1318 4306 sons

220 4319 355 4375 derstood.
382 4319 535 4378 Hemchel'e
549 4323 623 4378 Disc.
636 4342 671 4378 on
685 4324 749 4380 Nat.
791 4326 863 4396 Rays
879 4328 1010 4398 naturally
1021 4327 1139 4383 inmense
1155 4347 1187 4384 or
1202 4328 1319 4385 deorum

221 4398 291 4455 Phil.
310 4401 325 4466 §
343 4414 405 4471 347.
432 4400 513 4456 “'l'he
536 4412 630 4457 nature
654 4403 683 4457 of
705 4403 750 4458 the
791 4405 836 4459 the
852 4415 964 4460 amount
979 4406 1010 4460 of
1026 4405 1098 4461 Heat
1113 4407 1319 4477 genentedata

222 4475 290 4537 Sun,
312 4475 367 4528 aud
387 4474 432 4530 the
456 4477 535 4532 rnode
558 4480 586 4534 in
607 4480 695 4535 which
716 4483 751 4537 its
791 4483 889 4537 certain
902 4484 978 4554 point
989 4483 1134 4557 according
1145 4496 1175 4540 to
1186 4487 1233 4541 the
1243 4504 1319 4541 num·

220 4552 369 4608 wonderful
384 4557 482 4627 supply
493 4557 525 4611 of
538 4558 607 4628 light
622 4559 675 4613 and
690 4560 751 4616 beat
792 4561 839 4618 ber
855 4562 887 4618 ol
902 4561 974 4617 them
987 4562 1022 4632 (if
1036 4580 1088 4618 one
1106 4581 1213 4636 moyen
1230 4565 1318 4636 spent)

221 4633 245 4688 is
274 4631 445 4699 maintained,
469 4652 514 4691 are
536 4637 659 4693 involved
683 4640 710 4693 in
735 4658 752 4695 n
792 4641 911 4713 brought
921 4646 950 4698 to
962 4641 1025 4698 beer
1036 4659 1072 4698 on
1084 4641 1144 4699 that
1156 4644 1240 4715 point.
