2708 5226
549 530 794 597 INDEX.

123 695 254 753 Varietas
268 697 371 754 mentis
386 706 415 753 et
430 716 540 760 manus,
560 715 607 754 10.

121 792 275 867 Vegetatio
289 792 460 868 plantarum,
479 810 546 867 270.
563 812 632 868 302.

123 889 266 954 Ventosae,
285 908 351 966 290.
367 908 437 966 3¹9·

120 986 236 1044 Ventus
250 986 363 1062 igneus,
377 1005 445 1058 104.
463 1004 531 1064 249.

119 1082 208 1140 Venti
221 1092 320 1140 arcent
334 1084 524 1158 pestilentiam
539 1083 623 1151 a'e'ris,
642 1102 708 1160 299.

120 1179 221 1237 Venus
235 1199 253 1236 a
266 1179 327 1237 sole
340 1179 438 1255 ligata,
453 1197 525 1252 300.

121 1277 216 1334 Verba
238 1277 387 1335 notionum
400 1285 526 1344 tesserae,
547 1296 594 1335 12.
633 1296 669 1335 ex
683 1288 768 1355 captu
784 1280 862 1355 vulgi
883 1281 1075 1357 imponuntur,
1093 1298 1140 1353 23.
1165 1285 1222 1338 vim

161 1373 270 1431 faciunt
284 1373 449 1439 intellectui,
464 1375 504 1433 ib.
521 1377 568 1450 36.

122 1470 245 1537 Veritas,
260 1472 322 1547 ejus
336 1472 506 1530 inventionis
520 1471 583 1529 duae
598 1473 660 1538 riae,
676 1490 722 1547 ¹3·
751 1475 825 1533 unde
838 1476 969 1550 petenda,
987 1493 1003 1550 3
1007 1493 1034 1550 3.
1061 1484 1089 1533 et
1104 1476 1221 1542 utilitas,

162 1568 344 1626 scientiarum
359 1577 444 1636 meta,
464 1587 529 1627 122.

122 1665 237 1722 Vermis
250 1664 447 1741 bombycinus,
466 1682 532 1739 ¹04·
555 1681 618 1742 105.

121 1761 276 1820 Verticitas
290 1781 357 1820 acus
371 1763 551 1840 magnetica,
571 1781 638 1839 245.

124 1859 348 1939 vespertiliones
361 1860 435 1920 inter
449 1880 516 1920 aves
529 1869 559 1918 et
575 1861 783 1936 quadrupedes,
801 1879 866 1919 221.

121 1957 316 2016 vindemiatio
330 1959 422 2037 prima
435 1958 472 2015 de
485 1958 577 2016 forma
590 1957 683 2024 calidi,
700 1958 766 2034 189.

124 2053 193 2111 Vini
207 2064 237 2112 et
250 2075 330 2131 aquae
344 2065 459 2130 potores
479 2075 538 2114 non
559 2056 633 2113 idem
656 2056 792 2122 sentiunt,
808 2073 873 2113 120.
903 2057 1018 2132 spiritus
1039 2057 1121 2114 fortis
1142 2077 1224 2115 exse-

163 2152 260 2227 quitur
272 2172 359 2229 opera
380 2153 491 2224 caloris,
508 2170 572 2229 152.
601 2154 650 2211 fiat
672 2154 898 2229 experimentum
919 2154 981 2229 ejus
1002 2156 1032 2212 in
1051 2155 1147 2230 liguis,
1163 2156 1223 2219 dic,

169 2251 234 2308 168.
256 2250 371 2308 flamma
383 2253 444 2327 ejus
458 2252 633 2316 mollissima,
652 2266 717 2327 175.

123 2377 206 2390 —
220 2346 313 2413 foeces,
330 2348 398 2422 296.
429 2350 491 2423 ejus
504 2348 668 2406 clarificatio
682 2366 732 2423 per
745 2348 853 2423 ignem.
869 2347 939 2423 328.

124 2443 205 2501 Visio
226 2463 284 2501 non
304 2445 377 2503 bene
398 2446 567 2523 transigitur
582 2445 619 2503 ad
638 2454 756 2511 tactum,
773 2462 839 2522 279.
867 2454 1013 2504 momenta
1032 2447 1169 2520 temporis
1189 2448 1225 2502 ad

165 2559 229 2598 eam
243 2541 506 2600 communicandam
521 2542 713 2619 requiruntur,
732 2543 799 2616 284.

125 2637 252 2705 Vitrum,
266 2657 303 2696 an
317 2640 455 2698 tenacitas
469 2640 495 2698 ei
509 2639 763 2716 superinduceuda‚
783 2652 850 2715 137.

147 2768 229 2780 —-
250 2737 400 2796 calendare
413 2738 473 2796 sive
487 2738 639 2814 graduum,
652 2739 718 2813 163.
736 2738 804 2804 180.
823 2738 889 2796 181.
905 2755 972 2810 204.

146 2864 230 2877 —
249 2833 464 2910 pulverizatum,
480 2853 549 2895 202.
571 2837 751 2906 comburens,
766 2836 823 2894 vid.
837 2835 993 2912 speculum.

146 2962 230 2976 --
249 2932 416 2990 calefactum
433 2933 462 2991 in
476 2932 582 3009 frigido
596 2934 720 3010 positum
734 2933 846 3000 dissilit,
867 2951 931 3012 191.

125 3028 280 3094 Vulcanus.
294 3031 331 3089 ab
350 3050 384 3088 eo
404 3033 440 3090 ad
455 3031 616 3091 Minervam
638 3031 843 3090 transeundum
865 3033 894 3090 in
916 3029 1083 3109 separandis
1105 3029 1233 3102 corpori·

169 3128 233 3192 bus,
254 3144 318 3204 ¹4⁵·

128 3221 274 3300 Volgares
288 3217 454 3284 differentia
470 3235 564 3284 motus
580 3227 684 3285 nullius
698 3227 792 3305 pretii,
807 3242 858 3304 47,
874 3227 924 3299 48.

659 3404 697 3461 X.

127 3515 331 3592 Xenophanes,
347 3515 397 3591 58.

128 3613 373 3690 Xylobalsamum‚
387 3631 456 3689 324.

657 3710 691 3766 Z.

128 3821 258 3891 Zembla,
274 3841 357 3890 nova,
378 3840 442 3898 155.

128 3920 209 3976 Zeno
223 3920 298 3979 inter
311 3920 454 3997 sophistas
470 3921 671 3986 numerandus,
687 3935 736 3997 57.

128 4017 282 4075 Zibethum
300 4017 403 4076 odores
417 4018 540 4093 optimos
553 4025 683 4094 generat,
702 4017 767 4075 116.

128 4113 279 4180 zodiacus,
294 4116 340 4172 via
360 4115 428 4172 solia
448 4134 500 4190 per
520 4133 595 4181 eum,
611 4120 697 4171 cansa
716 4114 879 4191 principalis
900 4117 1073 4190 (secundum
1093 4118 1237 4179 Aristote-

169 4212 243 4285 lem)
255 4212 448 4289 generationis
462 4224 492 4269 et
506 4210 706 4288 corruptionis,
723 4229 739 4268 2
744 4228 793 4286 32.

601 4436 759 4492 HNIS.

659 4675 707 4716 00
