2708 5226
214 572 280 639 168
539 570 713 636 NOVUM
736 570 984 637 ORGANUM.

212 745 344 819 eontra,
375 758 468 829 uque
497 735 598 806 fortis
625 744 812 829 argentum
842 733 957 816 solvit,
988 758 1114 806 surum
1146 735 1309 805 minime:

213 859 380 922 neutrum
399 858 522 921 autem
542 848 648 921 solvit
665 850 808 919 vitrum.
860 848 910 919 Et
926 850 976 920 sio
993 850 1038 922 de
1056 850 1205 921 ceteris.

532 1013 597 1086 Ad
611 1014 806 1086 vicesimam
824 1022 994 1108 quartam.

260 1135 320 1211 29.
347 1129 428 1202 Fiet
459 1131 747 1224 experimentum
777 1130 920 1223 spiritus
949 1130 1023 1200 vini
1057 1131 1094 1199 in
1129 1130 1247 1224 lignis,
1272 1153 1309 1200 oc

209 1247 319 1318 etium
344 1248 381 1317 in
409 1247 548 1340 butyro,
565 1255 629 1317 ant
645 1267 735 1327 oeru,
753 1253 816 1315 unt
837 1245 938 1337 pioe;
962 1247 992 1315 si
1018 1246 1113 1317 forte
1137 1268 1203 1338 per
1223 1245 1309 1316 oulo-

208 1385 285 1434 rem
302 1386 406 1434 snum
424 1386 468 1435 ou
483 1361 710 1455 aliquetenus
725 1361 929 1455 liquefuoiut
939 1358 979 1434 ⁷⁷.
1018 1361 1166 1433 Etenim
1184 1363 1308 1434 instan-

208 1479 261 1549 tis
277 1480 443 1550 vicesimo
459 1487 586 1571 quartu
602 1478 759 1549 ostendit
776 1486 991 1571 potestatem
1009 1479 1085 1570 ejus
1103 1479 1307 1549 imitativum

209 1594 334 1667 eoloris
355 1596 392 1666 in
416 1593 737 1667 inomstetionibus.
789 1592 917 1686 Itaque
937 1594 1001 1665 fiat
1023 1594 1192 1667 similiter
1208 1618 1307 1688 expe-

208 1711 401 1781 rimentum
424 1711 460 1781 in
486 1709 809 1803 liquefactionibus.
861 1710 943 1781 Fiat
962 1712 1071 1781 etium
1092 1713 1307 1804 experimen·

208 1835 288 1896 tum
312 1848 375 1919 per
396 1826 528 1896 vitrum
553 1825 729 1920 graduum
755 1826 829 1896 sire
854 1825 1050 1909 calendure,
1069 1827 1165 1918 quod
1190 1849 1307 1898 oonou·

209 1964 293 2012 vum
310 1942 406 2012 sitin
420 1942 627 2012 summitate
640 1962 777 2033 suuper
793 1942 971 2026 exterius3
988 1951 1027 2013 et
1043 1943 1260 2013 immittatur
1274 1944 1306 2013 in

207 2055 296 2128 illud
322 2080 516 2128 oonouvum
540 2057 697 2128 exterius
719 2056 862 2150 spiritus
879 2058 952 2127 vini
976 2057 1068 2129 bene
1084 2059 1306 2142 rectiliootus,

207 2195 291 2243 oum
314 2170 492 2265 operculo,
516 2179 559 2241 ut
583 2170 713 2241 melius
736 2171 920 2243 contineat
944 2170 1098 2243 oulorem
1125 2195 1249 2255 suum3
1274 2183 1306 2243 et

207 2297 354 2360 notetur
369 2296 491 2359 utrum
509 2309 573 2379 per
588 2285 743 2357 oulorem
766 2308 869 2357 snum
894 2286 999 2358 beist
1019 2309 1151 2380 uquam
1169 2289 1307 2359 deseen-

207 2406 306 2479 dere.

528 2503 594 2575 Ad
607 2503 801 2575 vicesimum
820 2504 987 2599 quintum.

258 2627 318 2694 30.
344 2621 527 2704 Aromata,
545 2628 583 2691 et
600 2620 718 2690 herbae
739 2643 837 2690 aeres
853 2621 898 2690 ud
915 2620 1085 2713 palatum,
1104 2619 1222 2690 multo
1239 2643 1304 2690 mu·

207 2741 262 2834 gis
291 2746 441 2831 sumptae
467 2737 627 2819 interius,
655 2736 897 2828 percipiuntur
926 2737 1049 2807 oulidu.
1103 2736 1305 2808 Videndum

206 2857 329 2947 itaque
345 2856 383 2925 in
400 2854 528 2946 quibus
546 2853 624 2924 aliis
642 2853 799 2923 materiis
815 2863 1039 2947 exequantur
1051 2878 1161 2948 opero
1178 2855 1305 2927 eoloris.

207 2969 330 3063 Atque
347 2971 505 3042 referunt
522 2979 649 3052 neutae,
663 2992 746 3039 oum
764 2970 898 3039 oumuli
916 2979 954 3040 et
973 2993 1096 3041 mussae
1112 2983 1305 3043 aromatum

208 3088 270 3158 diu
294 3086 468 3158 conclusae
491 3086 610 3156 subito
633 3085 848 3178 aperiuntur,
866 3084 1063 3180 periculum
1081 3088 1216 3159 instare
1232 3087 1305 3169 illis,

207 3204 269 3294 qui
295 3224 355 3273 eus
383 3203 496 3295 primo
522 3202 660 3295 agitant
685 3208 722 3270 et
749 3199 991 3283 extrahunua
1014 3202 1173 3274 febribus
1199 3213 1238 3275 et
1258 3205 1306 3273 in·

206 3318 507 3390 dammationibus
524 3317 679 3411 spiritus.
732 3315 905 3386 Similiter
922 3317 997 3386 lieri
1024 3321 1158 3411 poterit
1175 3320 1307 3413 experi-

206 3445 380 3518 mentum,
414 3443 535 3505 utrum
569 3431 732 3526 pulveres
770 3431 973 3523 hujusmodi
1014 3443 1215 3507 oromatum
1248 3447 1308 3508 eut

206 3552 396 3623 herbarum
413 3574 485 3621 non
502 3550 695 3620 arefaciunt
712 3546 874 3630 luridum,
889 3556 928 3619 et
944 3571 1087 3620 oeruem
1104 3574 1305 3645 suspensum

206 3691 312 3761 super
328 3669 430 3760 ipsos,
449 3665 560 3736 veluti
579 3666 698 3735 fumus
714 3665 817 3758 ignis.

544 3830 609 3902 Ad
621 3831 816 3904 vicesimum
832 3840 975 3902 testum.

258 3951 319 4019 31.
345 3947 552 4017 Aorimonia
585 3948 658 4018 sive
692 3948 891 4040 penetratio
926 3948 1019 4018 inest
1053 3956 1128 4018 tum
1164 3950 1306 4045 frigidis,

206 4061 325 4156 qualis
352 4070 436 4131 suut
464 4071 617 4144 anetum,
648 4072 686 4132 et
717 4062 835 4134 oleum
867 4064 1011 4146 vitrioli,
1037 4086 1145 4157 quum
1176 4066 1306 4148 calidis,

206 4177 325 4271 qualia
341 4186 425 4247 sunt
442 4176 561 4247 oleum
579 4178 725 4272 origeni,
744 4187 782 4249 et
804 4179 942 4250 similia.
994 4179 1125 4273 Itaque
1147 4183 1306 4253 similiter

206 4295 297 4366 etin
314 4293 480 4364 animetis
497 4291 594 4363 oient
610 4292 781 4379 dolorem,
799 4305 838 4367 et
860 4296 897 4365 in
922 4319 993 4367 non
1016 4297 1184 4369 animatis
1200 4296 1305 4368 divel-

250 4569 275 4610 ⁷⁷
287 4569 383 4642 Spiritu
395 4570 426 4625 oi
436 4570 517 4626 wine
528 4570 581 4626 vill
592 4573 666 4628 eolre
678 4590 736 4628 ω
748 4573 802 4629 und
814 4573 896 4645 puch,
909 4573 960 4630 but
971 4584 1020 4629 not
1031 4575 1109 4631 wood
1120 4593 1153 4632 or
1163 4575 1260 4632 better.
