2708 5226
126 521 192 589 396
450 520 625 587 NOVUM
646 519 899 586 ORGANUM.

125 712 149 760 a
163 689 379 783 proprietate
402 687 477 758 lolii
495 685 700 778 quercus&
726 687 788 757 sed
805 709 889 758 cum
906 708 1018 779 snper
1036 684 1117 756 aliis
1137 683 1215 755 foliis
1250 666 1259 745 l

127 804 259 898 pariter
292 802 433 887 cadant,
464 802 638 873 contineri
668 801 805 873 scilicet
837 810 877 874 et
912 802 1044 872 durare
1072 801 1111 870 in
1138 798 1217 870 foliis

125 940 288 1011 quercus,
305 918 390 1010 quia
413 925 497 987 sunt
523 915 615 987 bene
639 917 750 999 nnita,
772 939 841 990 nec
865 917 1072 1012 spongiosa,
1088 927 1130 987 nt
1152 914 1218 1010 pbr

127 1035 217 1106 rima
233 1056 279 1104 ex
295 1032 385 1104 aliis.

178 1149 343 1221 Calorem
360 1171 442 1220 vero
465 1149 559 1242 quod
583 1149 735 1232 attinet3
759 1150 863 1242 copia
884 1158 925 1220 et
944 1157 1111 1244 potestas
1131 1149 1222 1219 nimi·

128 1288 208 1339 rum
225 1266 360 1336 homini
383 1265 525 1338 abunde
548 1265 669 1347 adest,
694 1265 894 1336 observatio
917 1277 1046 1339 antem
1064 1276 1104 1337 et
1119 1265 1223 1359 inqui·

129 1381 212 1453 sitio
236 1380 359 1453 delicit
388 1382 426 1452 iu
453 1379 643 1462 nonnuliis,
670 1380 783 1472 iisque
811 1382 973 1454 maxime
1003 1383 1224 1466 necessruiis3

129 1506 312 1589 utcunque
333 1491 525 1591 spagirici²¹
546 1517 584 1566 se
608 1495 803 1567 venditent.
855 1496 1011 1568 Etenim
1034 1498 1161 1570 caloris
1179 1499 1226 1567 in·

128 1612 291 1684 tensioris
315 1610 456 1704 opificia
477 1611 715 1703 exquiruntur
734 1621 773 1682 et
793 1614 1090 1706 conspiciuntur3
1115 1614 1226 1686 remis·

128 1726 230 1797 doris
250 1747 343 1807 sero,
361 1747 439 1817 quse
464 1726 619 1797 maxime
641 1727 680 1797 in
701 1727 776 1797 vias
800 1736 940 1800 uaturae
964 1729 1148 1813 incidunt,
1163 1751 1226 1798 uon

128 1847 326 1920 tentantur,
343 1840 503 1934 adeoque
526 1840 650 1912 latent.
701 1840 830 1935 Itaque
847 1843 1014 1914 videmus
1036 1867 1105 1938 per
1120 1844 1228 1914 sulca

129 1978 195 2028 nos
216 1956 315 2040 istos,
331 1959 392 2051 qui
410 1956 447 2028 in
464 1959 579 2050 pretio
602 1968 697 2042 sunt,
714 1961 857 2052 spiritus
879 1982 1075 2054 corporum
1091 1984 1228 2057 magno·

128 2094 215 2166 pere
239 2072 400 2158 exaltari,
428 2075 533 2144 utin
561 2077 663 2169 aquis
691 2076 852 2158 fortibus,
879 2087 917 2148 et
944 2078 1132 2150 nonnullis
1159 2077 1228 2150 aliis

130 2187 217 2261 oleis
246 2189 426 2274 chemicis,
455 2199 574 2284 partes
602 2192 793 2287 tangibiles
824 2194 997 2278 indurari,
1028 2203 1079 2278 et,
1110 2195 1228 2268 emisso

131 2305 279 2391 volatili,
307 2306 498 2399 aliquando
525 2307 608 2403 ligi;
643 2319 761 2403 partes
790 2308 1034 2404 homogeneas
1063 2311 1228 2406 separari3

130 2425 240 2496 etiam
257 2445 403 2517 corpora
428 2422 668 2518 heterogenea
684 2447 805 2520 grosso
824 2426 933 2496 modo
957 2428 1176 2522 incorporari
1196 2436 1230 2497 et

131 2539 375 2621 commisceri3
401 2540 556 2610 maxime
577 2549 699 2612 autem
722 2565 909 2636 compages
932 2566 1127 2637 corporum
1144 2568 1231 2616 oom-

131 2656 325 2749 positorum
350 2663 388 2724 et
411 2656 611 2728 subtiliores
633 2660 900 2730 schematismos
925 2661 1063 2733 destrui
1092 2673 1131 2735 et
1155 2686 1231 2733 cou-

132 2771 244 2841 fuudi.
283 2771 494 2842 Debuerant
510 2784 631 2845 autem
649 2777 789 2868 opificia
801 2777 924 2848 caloris
941 2778 1091 2851 lenioris
1109 2779 1230 2851 tentari

132 2898 170 2958 et
195 2888 353 2978 exquiri;
392 2890 489 2961 unde
513 2892 714 2965 subtiliores
737 2895 894 2964 mistura
921 2904 961 2966 et
995 2896 1231 2969 schematismi

133 3003 285 3074 ordinati
309 3004 408 3099 gigni
434 3009 568 3098 possint
591 3019 629 3081 et
655 3011 770 3094 educi,
787 3011 831 3079 ad
858 3013 1070 3105 exemplum
1094 3022 1230 3092 natura,

132 3130 171 3192 et
193 3121 431 3192 imitationem
448 3145 596 3216 operum
613 3126 718 3209 solis;
745 3126 1052 3218 quemadmodum
1075 3131 1113 3198 in
1132 3129 1232 3220 apho

132 3240 240 3310 rismo
266 3239 311 3309 de
336 3240 514 3310 instantiis
532 3239 716 3335 soedcris²²
740 3243 903 3335 quaedam
934 3244 1231 3316 adumbravimus.

133 3354 287 3449 Opificia
311 3357 407 3425 enim
433 3367 568 3427 naturae
594 3361 836 3451 transiguntur
861 3380 924 3450 per
950 3358 1058 3453 louge
1084 3362 1233 3430 minores

134 3473 323 3566 portiones,
342 3481 380 3542 et
396 3474 568 3564 posituras
589 3476 701 3568 magis
723 3476 914 3567 exquisitas
932 3485 972 3546 et
989 3479 1114 3560 varias,
1132 3498 1233 3570 quam

135 3591 273 3682 opificia
294 3591 393 3684 ignis,
412 3597 518 3681 prout
538 3612 634 3658 nuno
654 3590 853 3660 adhibetur.
906 3590 999 3661 Tum
1018 3616 1104 3664 vero
1122 3593 1235 3663 videa·

135 3714 195 3774 tur
227 3705 334 3774 homo
367 3727 488 3774 revera
520 3714 646 3774 auctus
673 3714 862 3797 potestate,
888 3709 916 3777 si
947 3731 1013 3799 per
1041 3709 1176 3779 calores
1200 3717 1235 3777 et

135 3821 312 3912 potentias
329 3820 528 3891 artificiales
548 3842 655 3913 opera
671 3831 803 3892 naturae
820 3824 956 3914 possint
973 3827 1093 3917 specie
1116 3848 1236 3917 reprae-

136 3936 277 4014 senteri,
309 3936 442 4005 virtute
471 3936 601 4027 perfici,
632 3936 733 4028 copia
763 3939 909 4009 variari:
947 3941 1079 4031 quibus
1109 3942 1235 4012 addere

136 4058 278 4141 oportet
305 4050 599 4122 accelerationem
630 4054 808 4145 temporis.
872 4052 970 4124 Nam
1000 4057 1128 4150 rubigo
1157 4056 1234 4127 ferri

172 4303 198 4344 ²⁰
214 4303 273 4358 'l'be
298 4303 453 4377 Honeydew
476 4306 499 4361 is
523 4306 609 4363 found
632 4325 668 4363 on
708 4309 735 4363 in
755 4310 897 4378 particular
913 4308 976 4364 who
994 4310 1138 4383 employed
1155 4310 1237 4364 them·

138 4383 227 4438 Limes
238 4382 291 4437 aud
302 4383 379 4438 other
390 4393 468 4450 trees,
480 4404 509 4441 es
521 4387 579 4440 nell
590 4404 620 4440 as
631 4404 666 4441 on
709 4387 792 4440 selves
808 4405 844 4440 on
856 4388 961 4451 metals,
973 4388 1027 4442 and
1040 4389 1086 4444 the
1104 4389 1239 4458 discovery

138 4461 223 4516 Oaks.
708 4465 739 4519 ol
747 4464 793 4519 the
806 4464 1006 4535 Philosopher's
1018 4477 1105 4523 stone.

174 4540 197 4579 ²¹
220 4541 359 4611 Spspirici.
395 4541 485 4598 'l'hose
506 4544 667 4598 Alchemists
744 4543 770 4583 Ἠ
788 4544 884 4614 Supra,
899 4544 935 4599 11.
947 4560 992 4616 35.
