2708 5226
501 595 764 662 PRAEFATIO.
1162 601 1184 664 8

71 765 196 851 partes
220 757 432 829 tribuerunt.
485 759 546 831 Ex
569 782 642 852 quo
665 758 788 853 liquet,
806 759 885 832 illos
905 759 1105 834 intellectui
1122 763 1183 833 ad·

70 873 249 945 minicula
266 875 476 967 quasivisse,
494 877 625 949 mentis
648 887 771 948 autem
795 899 997 969 processum
1021 880 1181 950 nativum

72 997 113 1062 et
135 1000 268 1084 sponte
291 1001 494 1063 moventem
517 1001 723 1085 suspectum
747 992 921 1066 habuisse.
975 993 1045 1064 Sed
1064 1017 1180 1065 serum

72 1104 182 1198 plane
210 1107 317 1178 rebus
343 1108 489 1200 perditis
519 1108 586 1179 hoc
614 1108 807 1180 adhibetur
832 1109 1053 1193 remedium;
1089 1121 1183 1203 post—

74 1245 186 1315 quam
210 1245 321 1303 mens,
339 1247 385 1293 ex
406 1224 612 1316 quotidiana
636 1226 718 1295 vitae
740 1225 1007 1308 consuetudine,
1025 1235 1063 1296 et
1083 1226 1184 1297 audi-

73 1339 236 1410 tionibus
259 1350 297 1411 et
321 1341 490 1411 doctrinis
513 1340 708 1432 inquinatis
732 1351 915 1433 occupata,
933 1351 971 1411 et
988 1343 1183 1415 vanissimis
1310 1328 1311 1332 ¹

74 1451 183 1525 idolis
211 1454 351 1526 obsessa
378 1455 496 1526 luerit.
550 1455 679 1549 Itaque
705 1479 760 1527 ars
787 1456 848 1527 illa
876 1456 1078 1542 dialecticae,
1104 1482 1184 1530 sero

76 1574 134 1661 (ut
158 1571 329 1657 diximus)
351 1594 488 1655 cavens,
507 1594 624 1665 neque
646 1595 720 1642 rem
748 1572 822 1643 ullo
847 1574 954 1643 modo
980 1575 1183 1659 restituens,

75 1689 119 1759 ad
143 1711 280 1759 errores
303 1689 421 1782 potius
442 1689 602 1783 figendos
619 1711 724 1781 quam
747 1689 791 1759 ad
811 1690 1000 1761 veritatem
1024 1693 1184 1784 aperien-

75 1805 160 1875 dam
192 1802 314 1876 valuit.
372 1805 498 1875 Restat
530 1805 633 1875 unica
662 1804 756 1875 salus
786 1829 827 1875 ac
857 1807 997 1890 sanitas,
1024 1816 1066 1877 ut
1095 1831 1183 1901 opus

75 1921 209 1991 mentis
232 1921 436 1990 universum
458 1921 502 1990 de
520 1921 658 2015 integro
676 1931 895 2008 resumatur3
925 1945 966 1992 ac
988 1944 1090 1993 mens
1105 1925 1181 2016 jam

75 2035 122 2107 ab
155 2036 233 2127 ipso
268 2036 439 2128 principio
475 2035 572 2106 nullo
607 2037 714 2108 modo
747 2037 815 2107 sibi
848 2037 1088 2129 permittatur,
1121 2041 1182 2110 sed

76 2160 251 2244 perpetuo
270 2160 432 2244 regetur3
458 2174 500 2222 ac
517 2175 582 2232 res,
601 2152 712 2223 veluti
735 2176 798 2245 per
813 2154 1003 2234 machinas,
1021 2155 1183 2225 coniicia-

75 2279 147 2338 tur.
200 2266 297 2337 Sane
313 2268 342 2337 si
360 2267 521 2338 homines
538 2291 644 2361 opera
665 2268 871 2338 mechanica
888 2270 993 2337 nudis
1009 2270 1182 2353 manibus,

73 2384 210 2475 absque
247 2384 565 2455 instrumentorum
603 2384 634 2452 vi
675 2391 713 2453 et
751 2405 828 2474 ope,
863 2383 1018 2477 aggressi
1052 2396 1181 2468 essent,

74 2501 376 2593 quemadmodum
405 2523 511 2592 opera
536 2498 793 2570 intellectualia
820 2500 926 2570 nudis
953 2499 1027 2571 lere
1052 2504 1183 2573 mentis

73 2618 209 2688 viribus
234 2625 387 2687 tractare
408 2639 479 2685 non
499 2616 730 2697 dubitarunt;
756 2639 869 2709 parvae
886 2616 1078 2687 admodum
1097 2619 1182 2691 fuis-

75 2743 155 2803 sent
173 2754 238 2816 res,
253 2754 341 2824 quas
357 2753 500 2803 movere
517 2742 555 2802 et
572 2733 711 2803 vincere
730 2735 937 2824 potuissent,
955 2733 1041 2806 licet
1059 2758 1182 2828 operas

76 2851 211 2934 enixos,
238 2857 348 2939 atque
374 2849 481 2918 etiam
509 2848 715 2940 conjunctas
742 2851 999 2941 praestitissent.
1056 2851 1182 2945 Atque

77 2967 102 3036 si
132 2965 315 3059 paulisper
343 2964 481 3046 morari,
512 2973 620 3056 atque
649 2965 687 3033 in
716 2964 782 3034 hoc
814 2967 927 3057 ipsum
961 2968 1180 3060 exemplum,

76 3082 187 3155 veluti
219 3083 257 3151 in
287 3079 481 3173 speculum,
509 3081 641 3150 intueri
673 3080 842 3164 velimus3
880 3084 1108 3173 exquiramus
1137 3088 1179 3179 (si

75 3197 207 3291 placet)
232 3197 260 3267 si
286 3196 377 3267 forte
403 3195 576 3266 obeliscus
598 3195 734 3288 aliquis,
753 3199 999 3291 magnitudine
1023 3200 1179 3294 insignis,

74 3316 115 3386 ad
138 3313 312 3406 triumphi
333 3312 386 3382 vel
411 3311 611 3404 hujusmodi
640 3315 910 3407 magnificentiae
937 3316 1044 3385 decus
1069 3327 1180 3387 trans-

74 3430 243 3502 ferendus
260 3438 365 3510 esset,
382 3437 489 3518 atque
513 3430 547 3497 id
571 3429 733 3500 homines
755 3429 859 3498 nudis
876 3429 1040 3499 manibus
1057 3454 1179 3524 aggre-

72 3547 254 3627 derentur,
280 3566 396 3614 annon
424 3543 490 3613 hoe
516 3566 653 3636 magnae
680 3545 861 3635 cujusdam
889 3566 965 3613 esse
990 3545 1179 3617 dementiae

71 3669 253 3754 spectator
286 3658 461 3752 quispiam
500 3661 551 3728 rei
590 3659 727 3728 sobrius
765 3660 962 3730 fateretur?
1009 3659 1113 3743 Quod
1149 3663 1178 3731 si

71 3799 264 3848 numerum
295 3784 467 3868 augerent
497 3775 747 3867 operariorum,
775 3787 884 3868 atque
911 3776 979 3846 hoc
1007 3779 1113 3848 modo
1141 3802 1179 3849 se

70 3892 192 3963 valere
227 3913 328 3983 posse
363 3890 590 3971 confiderent,
626 3913 742 3960 annon
785 3901 885 3962 tanto
924 3893 1064 3986 magis?
1114 3893 1177 3964 Sin

67 4021 196 4080 autem
221 4005 401 4078 delectum
425 4006 602 4098 quendam
628 4006 795 4079 adhibere
817 4007 960 4092 vellent,
981 4018 1089 4101 atque
1113 4013 1179 4080 im-

68 4121 273 4194 becilliores
302 4144 473 4215 separare,
499 4131 537 4192 et
565 4123 718 4193 robustis
746 4133 885 4193 tantum
913 4136 951 4194 et
978 4128 1178 4220 vigentibus

70 4238 137 4322 uti,
156 4247 265 4331 atque
289 4239 371 4309 lrino
395 4237 521 4308 saltem
546 4261 583 4308 se
602 4240 672 4307 voti
691 4249 874 4332 compotes
892 4243 966 4311 fore
984 4253 1177 4335 sperarent,

66 4376 189 4427 annon
217 4353 338 4425 adhuc
371 4376 432 4425 eos
465 4354 659 4446 impensius
691 4354 841 4426 delirare
876 4358 1036 4428 diceret?
1080 4357 1176 4441 Quin

66 4473 182 4544 etiam
207 4471 247 4552 si,
266 4469 333 4539 hoo
356 4470 432 4561 ipso
455 4492 526 4539 non
551 4472 721 4552 contenti,
738 4481 851 4541 artem
871 4475 1014 4543 tandem
1033 4473 1177 4542 athleti-

66 4613 150 4662 cam
179 4589 361 4660 consulere
387 4597 595 4672 statuerent,
613 4612 654 4660 aa
677 4613 799 4660 omnes
826 4591 990 4684 deinceps
1014 4589 1177 4659 manibus
