2708 5226
547 121 634 183 arn.
655 121 681 184 1.
701 122 751 200 84,
768 122 816 204 85.
1195 127 1236 188 rr

168 286 359 359 Auctores
387 307 468 353 vero
492 288 584 376 quod
609 283 783 368 attinetffl,
803 310 948 356 summae
967 289 1235 380 pusillanimita-

126 407 166 475 tis
181 414 251 486 est,
271 401 480 476 auctoribus
504 403 642 473 infinita
664 403 833 485 tribuere,
851 407 986 475 auctori
1011 416 1131 476 antem
1153 430 1235 478 auc-

125 528 253 602 tomm,
268 528 384 610 atque
401 517 488 586 adeo
504 519 618 588 omnis
634 519 866 599 auctoritatis,
881 522 1041 612 tempori,
1052 523 1113 612 jus
1130 545 1234 592 suum

123 635 316 729 denegare.
371 633 485 705 Recte
513 636 609 704 enim
637 636 765 704 veritas
797 637 965 728 temporis
992 636 1066 708 filia
1094 638 1233 722 dicitur,

123 771 194 820 non
212 749 455 819 auctoritatis.
507 747 634 839 Itaque
651 749 779 818 mirum
799 771 868 818 non
887 758 952 830 est,
970 751 998 819 si
1017 751 1149 822 fascina
1165 754 1234 823 ista

120 863 365 957 antiquitatis,
389 874 427 934 et
448 873 645 945 anctorum,
669 875 707 933 et
733 887 932 947 consenum,
956 865 1142 936 hominnm
1166 869 1234 938 vir-

120 991 244 1052 tutem
273 981 327 1050 ita
354 978 552 1074 ligaverint,
578 990 620 1051 ut
646 1003 730 1051 cum
756 981 862 1053 rebus
891 984 975 1075 ipsis
1002 1005 1233 1056 consuescere

120 1097 317 1191 (tanquam
335 1095 553 1186 maleficiati)
571 1119 643 1168 non
661 1099 851 1189 potuerint.

577 1262 781 1336 LXXXV.

174 1362 313 1456 Neque
338 1362 452 1434 solum
478 1363 665 1435 admiratio
691 1364 923 1456 antiquitatis,
946 1367 1176 1450 auctoritatis,
1194 1378 1232 1439 et

122 1502 331 1563 cousensus,
350 1478 535 1550 hominurn
554 1480 761 1550 industriam
781 1481 887 1563 iniis,
906 1483 1069 1573 quaejam
1089 1485 1233 1555 inventa

122 1607 220 1681 sunt,
237 1598 463 1689 acquiescere
486 1594 679 1690 compulit;
706 1619 829 1667 verum
850 1596 958 1667 etiam
976 1621 1121 1691 opernm
1142 1601 1233 1693 ipso-

123 1737 206 1786 rum
224 1713 422 1795 admiratio,
441 1735 592 1805 quorum
617 1713 718 1804 copia
735 1714 951 1808 jampridem
977 1715 1070 1785 facta
1091 1727 1144 1786 est
1166 1716 1233 1786 hu·

125 1853 234 1901 mano
250 1830 384 1925 generi.
436 1828 581 1899 Etenim
599 1851 709 1920 quum
728 1830 806 1921 quis
823 1851 940 1899 rerum
959 1832 1176 1914 varietatem,
1195 1843 1232 1903 et

125 1945 406 2041 pulcherrimum
433 1954 651 2037 apparatum,
677 1946 737 2037 qui
764 1968 829 2036 per
853 1954 945 2015 artes
971 1946 1192 2018 mechanicas
1201 1945 1229 1992 ⁸¹

124 2063 171 2134 ad
189 2061 329 2134 cultum
348 2061 543 2132 humanum
563 2071 751 2155 congestus
768 2069 805 2130 et
822 2060 1047 2133 introductus
1064 2072 1129 2146 est,
1147 2087 1232 2135 ocn-

125 2178 169 2250 lis
185 2179 387 2272 subJ'ecerit,
402 2200 445 2249 eo
462 2187 560 2249 certe
576 2177 770 2261 inclinabit,
785 2189 825 2248 nt
844 2180 961 2271 potius
977 2180 1021 2250 ad
1041 2179 1232 2274 opulentia

125 2295 293 2367 hnmanae
317 2295 600 2376 admirationem,
619 2316 725 2387 qnam
749 2296 793 2365 ad
818 2296 946 2390 inopiae
969 2319 1110 2367 sensum
1133 2321 1232 2369 acce·

126 2412 209 2495 dat3
239 2412 388 2481 minime
409 2411 596 2481 advertens
622 2411 817 2504 primitivas
841 2412 994 2484 hominis
1017 2415 1232 2485 observatio-

126 2551 200 2612 nes,
222 2538 335 2620 atque
359 2536 493 2597 naturae
519 2528 752 2620 operationes,
775 2535 867 2622 (qnae
892 2529 935 2599 ad
964 2553 1106 2601 ornnem
1133 2531 1230 2601 illam

126 2646 338 2717 varietatem
368 2645 480 2715 instar
511 2645 637 2714 animae
667 2653 761 2729 sunt,
793 2656 831 2716 et
864 2648 968 2739 primi
1000 2645 1134 2734 motus)
1164 2671 1232 2718 nec

125 2761 270 2844 multas,
297 2783 364 2832 nec
393 2760 465 2831 alte
497 2760 627 2852 petitas
656 2782 755 2843 essc;
792 2770 918 2833 caetera
947 2763 991 2833 ad
1021 2764 1230 2855 patientiam

126 2878 314 2949 hominnm
333 2886 484 2960 tanturn,
502 2886 540 2947 et
563 2876 730 2947 subtilem
754 2887 791 2949 et
812 2879 1012 2948 ordinatum
1031 2878 1231 2950 manusve}

160 3087 187 3129 θ)
199 3089 293 3144 Man's
311 3089 372 3144 love
382 3088 413 3143 of
427 3097 481 3143 rest
493 3086 618 3158 (referred
630 3096 658 3142 to
699 3088 743 3151 all,
756 3093 774 3117 ‘⁸
783 3087 870 3141 Truth
888 3087 912 3142 ie
927 3086 973 3142 the
989 3087 1061 3142 child
1079 3088 1110 3142 of
1117 3088 1194 3143 'lime
1202 3090 1230 3144 :”

126 3168 149 3224 1.
169 3168 217 3238 πο)
238 3167 328 3223 would
353 3166 452 3240 readily
472 3167 531 3222 lead
554 3166 611 3220 him
630 3175 659 3218 to
699 3164 749 3220 but
761 3166 784 3220 is
796 3166 931 3221 uot'lime
943 3166 1005 3221 here
1017 3168 1170 3238 (toagreat
1185 3187 1230 3222 cx·

124 3245 658 3320 acquieeccinthejudgmentsolothers.
698 3246 768 3312 tent)
782 3244 883 3299 revised
905 3244 958 3300 and
977 3244 1095 3301 rectified
1112 3246 1231 3301 Author·

126 3327 239 3383 Resides
257 3326 312 3380 this
329 3325 403 3380 there
419 3326 442 3380 is
461 3343 512 3380 our
530 3323 611 3379 crush
631 3323 661 3376 ol
700 3322 755 3394 ityl
792 3322 857 3378 Just
872 3341 901 3378 as
916 3325 938 3379 is
952 3324 998 3379 the
1010 3342 1069 3379 case
1081 3323 1145 3379 with
1158 3325 1231 3380 Con·

125 3408 210 3471 work,
222 3405 312 3460 which
329 3404 459 3475 produces
471 3405 500 3458 in
512 3421 545 3457 us
556 3420 573 3457 a
585 3401 659 3457 habit
700 3412 767 3467 sent.
781 3402 868 3457 which
886 3404 908 3458 is
926 3403 1040 3474 perhaps
1054 3405 1110 3459 also
1128 3422 1143 3458 a
1161 3405 1230 3459 form

124 3486 156 3540 ol
173 3485 270 3555 taking
291 3490 446 3539 aucmenta
467 3500 503 3537 ou
522 3490 659 3536 trust-—so
700 3481 731 3535 ol
741 3479 892 3554 authority.
930 3481 1035 3537 limen
1047 3500 1114 3538 were
1131 3483 1231 3554 perfect

125 3563 301 3633 introducing
329 3562 374 3616 the
398 3568 416 3592 “
426 3562 539 3616 division
563 3560 594 3615 ot
620 3560 658 3614 la·
700 3561 773 3616 there
786 3559 871 3632 might
887 3560 921 3616 be
940 3580 976 3618 no
995 3561 1062 3617 need
1080 3562 1110 3617 ol
1125 3563 1162 3616 it:
1182 3562 1231 3617 but

125 3643 215 3699 bour’'
228 3642 408 3713 principle-s
425 3641 554 3712 principle
572 3639 658 3696 which
698 3658 728 3694 as
736 3658 775 3694 we
787 3657 877 3694 mene
888 3658 960 3695 ηοω
971 3650 1000 3696 to
1012 3642 1115 3714 require
1126 3641 1230 3712 guides.

126 3721 203 3793 helpe
228 3719 322 3791 things
346 3738 391 3784 on,
413 3719 463 3774 hut
487 3718 536 3774 has
560 3736 659 3791 every
699 3717 784 3773 What
808 3717 899 3774 Bccon
926 3720 949 3775 ie
973 3720 1106 3791 opposing
1130 3721 1154 3774 is
1178 3719 1231 3774 idle

126 3800 279 3870 narrowing
299 3797 375 3853 effect
393 3816 429 3853 on
447 3799 534 3852 men’s
552 3797 656 3853 minda:
700 3797 818 3868 trusting
830 3797 858 3851 in
870 3797 969 3864 others,
978 3798 1082 3855 instead
1094 3799 1125 3855 ol
1134 3799 1230 3870 verily·

126 3879 191 3935 then
208 3878 284 3934 there
301 3875 564 3942 inveneretion,and
579 3876 659 3931 hurn-
699 3877 748 3950 ing
771 3886 939 3942 statemente;
962 3877 1016 3933 and
1039 3877 1179 3949 appesling
1202 3889 1230 3931 to

126 3958 295 4015 bledistruet
312 3955 344 4011 ol
360 3956 460 4011 seli—a
475 3955 659 4027 goodquality
699 3972 771 4021 men,
782 3954 885 4010 instead
897 3957 928 4011 ol
936 3966 965 4012 to
976 3957 1052 4012 facts.

126 4037 190 4092 with
199 4034 279 4092 abad
290 4033 421 4106 tendency
430 4034 496 4104 (and
506 4034 577 4088 what
586 4033 658 4105 good
734 4033 757 4074 ⁸¹
778 4034 822 4090 Cf.
834 4052 908 4107 supr.
924 4035 947 4090 1.
958 4034 1002 4091 6⁶.
1014 4050 1056 4107 74.

128 4117 227 4187 quality
240 4114 290 4170 has
306 4123 354 4169 not
370 4113 476 4183 sucht).
514 4112 578 4168 And
592 4112 658 4168 after
