2708 5226
785 91 795 109 ιι

783 90 884 210 w

821 191 869 214 ,ἵ-

550 568 638 633 Iun.
656 567 701 632 lI.
720 589 769 634 12.
1146 568 1207 630 155

126 727 192 822 ipsis
213 731 409 804 verticibus
433 735 611 805 montium
633 732 914 827 deprehenditur
934 732 1083 804 minime
1109 733 1210 828 frigi-

123 844 182 931 dm
205 849 268 922 sod
299 850 420 920 tenuis
453 859 594 922 tentum
625 860 663 922 et
692 870 795 932 acer3
835 849 926 921 odeo
956 858 997 919 ut
1026 849 1062 919 in
1089 846 1209 919 Audis

119 976 240 1062 punget
268 974 309 1038 et
344 967 506 1038 vulneret
536 967 658 1039 oculos
691 989 755 1060 per
788 967 935 1037 nimiam
964 967 1207 1049 oerimoninm,

117 1096 211 1178 etque
231 1086 346 1158 etism
363 1095 500 1180 punget
520 1109 559 1158 os
576 1086 775 1169 ventriculi,
792 1097 830 1156 et
855 1085 1002 1156 inducet
1018 1085 1205 1155 vomitum.

113 1199 227 1295 Atque
248 1202 469 1293 abantiquis
489 1210 654 1274 notatum
671 1211 736 1284 est,
753 1203 791 1273 in
808 1203 942 1272 vertice
959 1199 1105 1294 Olympi
1129 1210 1208 1271 tan·

113 1325 178 1389 turn
197 1317 311 1389 fuisse
333 1317 424 1389 u'e‘ris
445 1319 672 1402 tenuitatem,
690 1328 732 1390 nt
749 1340 892 1390 necesse
918 1317 1026 1388 fuerit
1048 1315 1207 1409 illisqui

111 1456 148 1505 eo
168 1435 415 1517 moendersnt
436 1457 557 1506 secum
580 1436 720 1506 deferre
743 1434 906 1528 spongias
928 1442 1030 1505 noeto
1053 1444 1092 1505 et
1115 1454 1208 1525 eque

108 1551 331 1634 madefactus,
349 1573 480 1644 eosque
504 1551 549 1622 ed
576 1573 615 1622 os
640 1561 678 1622 et
703 1574 804 1622 neres
829 1551 979 1622 subinde
1005 1572 1207 1643 epponer03

107 1667 187 1760 quie
201 1668 265 1738 ιιίἶι
280 1667 328 1739 ob
344 1669 561 1739 tenuitatem
579 1689 650 1738 non
668 1667 863 1739 sufficiebat
880 1667 1113 1759 respirationi.
1163 1665 1208 1737 In

107 1806 175 1876 quo
198 1784 335 1855 vertice
360 1784 470 1855 etiem
493 1784 646 1855 relatum
668 1793 723 1856 est
747 1792 884 1855 tuntum
907 1783 1015 1856 fnisse
1040 1784 1210 1855 serenitu-

106 1907 177 1971 tem
201 1907 243 1972 et
258 1893 559 1993 tranquillitatem
583 1923 605 1971 a
626 1899 763 1992 pluviis,
787 1908 825 1969 et
851 1900 1000 1982 nivibus,
1018 1909 1057 1972 et
1084 1900 1210 1981 ventis,

108 2024 146 2086 nt
174 2016 453 2089 sacrificantibus
479 2015 592 2088 litere
618 2016 803 2108 descripte
830 2017 943 2111 digito
969 2018 1006 2088 in
1032 2015 1210 2089 cineribus

104 2132 355 2204 sacrificiorum
388 2156 495 2226 snper
526 2155 625 2204 nram
654 2132 757 2204 Jovis
790 2143 976 2203 manerent
1009 2133 1046 2203 in
1076 2155 1210 2202 annum

104 2250 308 2342 proximum
337 2248 471 2341 absque
501 2247 575 2319 ulle
609 2247 884 2342 perturbatione.
947 2246 1072 2339 Atque
1100 2248 1209 2317 etium

104 2363 211 2438 hodie
233 2362 468 2437 ascendentes
491 2364 537 2435 ad
559 2365 730 2437 verticem
757 2361 863 2434 Picus
887 2363 932 2435 de
954 2361 1143 2455 Teneriph‚
1167 2385 1210 2433 eo

104 2482 242 2553 radunt
270 2492 381 2553 noctu
409 2491 448 2554 et
476 2505 547 2552 uon
576 2481 755 2564 interdiu;
789 2487 827 2551 et
854 2478 960 2573 paulo
985 2487 1066 2574 post
1091 2488 1210 2550 ortum

104 2598 187 2671 solis
211 2607 404 2670 monentur
428 2606 467 2671 et
492 2599 698 2669 excitentur
723 2621 745 2668 a
768 2597 920 2668 ducibus
946 2597 1027 2677 suis,
1045 2604 1087 2666 ut
1113 2595 1212 2666 festi-

104 2722 193 2788 nent
217 2712 443 2798 descendere,
461 2721 606 2809 propter
631 2714 829 2806 pericnlum
855 2715 911 2808 (ut
936 2714 1091 2808 videtur)
1115 2735 1137 2783 e
1160 2721 1213 2784 te·

104 2831 243 2903 nuitste
259 2829 358 2915 ueris,
376 2847 422 2901 ne
439 2826 553 2902 solvat
570 2829 713 2922 spiritus
731 2841 768 2902 et
786 2829 979 2902 suffocetffl.

524 2995 589 3067 Ad
603 2995 797 3068 secundnm.

154 3126 191 3193 3.
218 3119 384 3192 deexio
409 3121 588 3192 mdiorum
613 3121 706 3204 solis,
724 3123 761 3192 in
784 3122 988 3216 regionibus
1013 3145 1122 3215 prope
1145 3122 1212 3193 cir·

107 3237 205 3309 culos
222 3235 370 3330 poluree
387 3238 580 3308 admodum
599 3237 726 3308 debilis
742 3247 781 3309 et
798 3237 962 3308 inefficax
978 3238 1159 3308 invenitur
1174 3238 1212 3306 in

106 3352 281 3427 culore⁴²:
317 3355 406 3426 adeo
432 3366 474 3425 ut
504 3354 637 3448 Belgae,
669 3357 728 3448 qui
762 3356 1005 3448 hybemorunt
1039 3355 1076 3424 in
1104 3353 1212 3426 Nova

107 3469 269 3555 Zemblm
296 3493 378 3540 cnm
409 3478 640 3564 expectarent
668 3470 767 3540 nevis
796 3494 867 3541 suae
897 3469 1144 3541 liberationem
1174 3479 1213 3540 et

107 3583 435 3658 deobstructionem
463 3606 485 3657 a
510 3584 650 3680 glaciali
675 3587 771 3657 mole
790 3586 882 3679 (quae
906 3607 984 3656 eam
1010 3586 1211 3674 obsederat)

107 3725 172 3795 per
198 3703 300 3773 initia
325 3703 456 3773 mensis
472 3700 561 3773 Julii
585 3726 647 3803 spe
673 3725 735 3773 sue
761 3703 917 3773 frustrati
943 3702 1023 3785 sint,
1041 3711 1079 3773 et
1096 3703 1212 3774 coacti

107 3818 246 3911 scnphae
263 3840 301 3889 se
319 3819 552 3889 committere.
602 3818 731 3911 Itaque
747 3819 835 3889 redii
852 3819 935 3890 solis
951 3819 1076 3891 directi
1092 3818 1214 3889 viden·

106 4063 190 4118 duero
206 4078 289 4127 enno,
307 4062 459 4134 cujusmodi
475 4064 567 4120 relicte
584 4064 638 4120 sne·
683 4074 787 4121 mances
799 4064 827 4120 in
838 4065 882 4121 bis
896 4065 1008 4138 History
1019 4066 1051 4122 of
1059 4064 1167 4122 winde.

106 4143 169 4208 rint,
181 4141 315 4215 ejmmodi
326 4143 503 4213 reperiuntur.
535 4140 641 4198 Etom·
717 4144 743 4183 ⁴²
759 4144 818 4199 The
837 4161 912 4200 snow
929 4146 952 4200 is
971 4145 1040 4201 scier
1056 4146 1138 4211 them
1168 4146 1215 4202 the

106 4219 188 4277 nibus
224 4221 428 4292 tempestatibus
459 4238 476 4276 ιι
505 4232 640 4294 corrupte·
680 4223 816 4279 reflection
831 4224 863 4279 of
875 4222 1017 4280 theSun's
1034 4242 1096 4299 ruys
1115 4242 1151 4281 on
1166 4226 1214 4281 the

106 4301 140 4356 lis
152 4299 443 4356 mundentur
457 4301 586 4374 quicquid
604 4302 641 4356 ibi
682 4301 765 4357 Snow
785 4302 808 4357 iu
829 4302 940 4358 avoided
960 4303 998 4376 by
1016 4303 1162 4376 moending
1177 4304 1215 4378 by

105 4381 190 4435 mol
212 4388 256 4435 ert
281 4379 342 4434 Deo
364 4389 558 4435 consecratum.
596 4380 641 4434 Li·
681 4380 772 4451 night3
786 4381 839 4436 and
851 4380 897 4437 the
909 4382 1126 4456 riewisusnully
1136 4384 1214 4439 duest

105 4468 171 4516 teror
193 4459 224 4515 in
251 4457 339 4513 cinere
366 4459 470 4530 scripte
493 4476 579 4532 usqne
606 4459 641 4514 ed
681 4459 798 4515 unbour
808 4478 840 4515 or
850 4461 1109 4517 twonltersunrise.

106 4539 216 4594 doum
242 4536 308 4593 enni
334 4538 510 4592 scamoniam
538 4554 641 4610 permu-
717 4534 942 4611 eluimus
954 4541 1011 4596 ulto
1019 4539 1214 4610 others)lscne

107 4617 203 4674 nont?
252 4615 345 4672 Βιιιιιι
371 4623 476 4688 aput·
501 4615 577 4672 tbeue
600 4617 641 4672 in·
681 4616 957 4686 cistercensium
969 4617 1099 4689 negative.
