2708 5226
464 555 552 620 urs.
573 556 601 619 1.
623 575 692 640 129.
1064 557 1129 624 129

22 721 196 813 mnjorem
215 718 407 790 efficaciam
425 729 463 791 et
486 720 583 811 quasi
607 717 781 788 influxum
806 739 912 808 super
927 739 984 787 res
1007 717 1132 789 huma·

23 858 84 906 nus
107 835 316 907 exercuisse
334 834 507 917 rideatur,
525 856 632 926 quam
650 835 718 904 ista
734 833 941 903 mechanica
963 856 1132 905 exercue-

23 961 118 1022 runt.

73 1064 259 1139 Praeterea
275 1090 346 1137 non
363 1066 426 1137 abs
442 1090 483 1138 re
503 1066 621 1148 fuerit,
639 1066 709 1136 tria
726 1065 910 1136 hominum
929 1064 1132 1137 ambitionis

26 1206 161 1276 genera
185 1191 225 1254 et
252 1183 352 1274 quasi
374 1183 503 1276 gradus
528 1182 757 1275 distinguere.
810 1179 972 1251 Primum
995 1204 1131 1265 eorum,

26 1300 85 1391 qui
111 1300 293 1393 propriam
310 1298 508 1390 potentiam
524 1298 562 1367 in
580 1299 695 1389 patria
719 1320 783 1366 sua
798 1296 1013 1389 amplificare
1033 1298 1132 1388 cupi-

24 1424 116 1494 unt;
144 1415 240 1507 quod
265 1436 380 1508 genus
396 1413 541 1507 vulgare
565 1424 621 1484 est
644 1423 683 1484 et
706 1413 870 1505 degener.
923 1411 1130 1483 Secundum

25 1553 161 1615 eorum,
180 1532 242 1622 qui
267 1531 388 1622 patriae
412 1531 611 1622 potentiam
628 1539 665 1599 et
683 1531 869 1620 imperium
889 1529 983 1599 inter
1006 1529 1132 1600 huma·

25 1670 113 1718 num
130 1668 247 1740 genus
263 1645 478 1738 amplificare
495 1646 678 1714 nituntur:
702 1643 791 1713 illud
811 1642 890 1735 plus
907 1653 1005 1714 certe
1022 1644 1131 1715 habet

26 1762 221 1857 dignitatis,
239 1761 447 1853 cupiditatis
472 1760 568 1830 haud
594 1762 723 1830 minus.
775 1758 881 1843 Quod
907 1761 936 1845 si
963 1761 1040 1852 quis
1066 1760 1131 1830 hu·

25 1880 122 1950 mani
152 1879 294 1971 generis
320 1878 427 1969 ipsius
452 1878 649 1968 potentiam
673 1887 710 1945 et
736 1877 922 1968 imperium
950 1878 987 1946 in
1012 1900 1130 1947 rerum

27 1994 297 2065 universitatem
328 1994 523 2062 instaurare
557 2001 595 2061 et
625 1990 840 2084 amplificare
874 2001 1048 2073 conetur;
1089 2017 1131 2064 es

29 2107 265 2202 proculdubio
282 2108 431 2179 ambitio
448 2109 489 2199 (si
509 2108 615 2178 modo
633 2108 684 2176 ita
701 2108 860 2176 vocanda
875 2105 969 2196 sit79)
987 2108 1130 2200 reliquis

27 2237 66 2298 et
90 2226 211 2296 sanior
233 2233 289 2294 est
310 2236 348 2294 et
368 2226 559 2318 augustior.
612 2221 779 2292 Hominis
799 2233 920 2293 autem
941 2224 1129 2317 imperium

26 2342 61 2411 in
78 2364 136 2411 res
154 2339 291 2445 imsolis
308 2341 443 2410 artibus
460 2350 498 2410 et
514 2339 672 2409 scientiis
689 2340 853 2430 ponitur:
880 2349 1016 2409 naturae
1033 2342 1129 2410 enim

26 2480 99 2528 non
119 2458 323 2548 imperatur,
341 2455 408 2524 nisi
424 2450 624 2547 parendoffl.

77 2572 267 2655 Praeterea,
285 2572 314 2641 si
338 2572 443 2640 unius
465 2571 612 2662 alicujus
635 2568 856 2663 particularis
880 2571 1016 2641 inventi
1034 2571 1131 2642 utili-

28 2700 84 2760 tas
107 2688 160 2758 ita
176 2687 337 2757 homines
360 2685 526 2768 affecerit,
547 2698 589 2755 ut
606 2709 698 2769 eum,
717 2687 777 2778 qui
798 2709 911 2779 genus
934 2687 1130 2758 humanum

29 2804 235 2874 universum
256 2802 428 2872 beneficio
453 2801 572 2892 aliquo
598 2802 774 2872 devincire
801 2805 967 2894 potuerit,
985 2803 1129 2875 bomine

28 2921 199 3012 majorem
236 2918 465 3011 putaveriut3
507 2924 640 3008 quanto
674 2915 800 2988 celsius
834 2919 1022 3001 videbitur,
1057 2918 1129 2990 tale

27 3035 163 3128 aliquid
185 3034 355 3114 iuvenire,
371 3055 436 3125 per
453 3032 547 3123 quod
570 3031 639 3102 alia
656 3033 774 3102 omnia
791 3034 958 3125 expedite
978 3035 1129 3106 inveniri

24 3150 184 3244 possint?
237 3147 287 3218 Et
305 3159 422 3219 tamen
443 3148 500 3236 (ut
516 3170 639 3217 rerum
657 3150 802 3218 omnino
821 3149 992 3243 dicamus)
1006 3173 1130 3241 quem-

26 3265 220 3336 admodum
251 3263 320 3334 luci
352 3286 515 3358 magnam
546 3265 717 3335 habemus
749 3268 911 3360 gratiam,
941 3267 1035 3359 quod
1066 3289 1129 3360 per

25 3404 105 3452 eom
140 3380 214 3450 vias
249 3380 348 3463 inire,
374 3391 468 3450 artes
506 3403 682 3462 exercere,
699 3381 846 3475 legere,
879 3404 944 3451 nos
977 3382 1128 3452 invicem

26 3497 234 3592 dignoscere
255 3495 439 3587 possimus,
458 3505 497 3565 et
513 3494 743 3566 nihilomiuus
766 3497 946 3587 ipaa2visio
964 3497 1052 3566 lucis
1074 3518 1129 3566 res

25 3611 248 3706 praestantior
265 3620 320 3680 cst
337 3620 375 3681 et
392 3609 580 3703 pulchrior,
599 3634 705 3703 quam
723 3610 913 3703 multiplex
931 3613 1007 3703 ejus
1024 3634 1127 3682 usus:

25 3729 77 3798 ita
114 3737 214 3798 certe
246 3726 322 3818 ipsa
351 3726 606 3818 contemplatio
640 3750 768 3810 rerum,
799 3738 904 3819 prout
934 3737 1027 3812 sunt,
1053 3729 1129 3798 sino

24 3842 284 3937 superstitione
305 3851 369 3911 aut
394 3842 599 3934 impostura,
620 3826 737 3913 errore
762 3854 825 3914 aut
850 3844 1065 3926 confusione,
1091 3845 1128 3913 in

58 4101 85 4143 ⁷⁹
112 4102 207 4158 Bacou
231 4103 255 4158 ia
284 4104 398 4175 perhaps
427 4105 500 4177 right
528 4107 557 4160 in
600 4107 713 4161 allusion
734 4117 762 4162 to
785 4107 831 4162 the
851 4107 1012 4180 description
1032 4109 1064 4165 ol
1084 4111 1129 4166 the

28 4181 164 4252 doubtiug
192 4180 310 4237 whether
335 4183 473 4238 Ambitiou
506 4202 557 4239 can
600 4186 720 4256 quslities
734 4187 795 4241 ola
813 4186 885 4256 good
902 4191 1016 4256 general.
1053 4189 1128 4261 Livy,

23 4260 100 4333 fairly
114 4259 149 4314 be
166 4259 299 4314 stretched
314 4278 345 4315 sc
361 4279 390 4316 aa
408 4271 437 4316 to
451 4262 558 4316 include
599 4264 653 4318 xxi.
666 4284 692 4332 4.
718 4265 884 4336 “ingenium
896 4264 966 4320 idem
978 4267 1012 4321 ad
1028 4286 1070 4321 res
1088 4268 1129 4321 di·

23 4338 77 4393 thu
98 4336 174 4393 third
193 4336 271 4392 head.
308 4338 403 4411 Surely
419 4340 453 4395 its
471 4340 559 4411 object
599 4342 773 4407 versissimas,
784 4343 929 4413 parendum
950 4350 1030 4417 atqua
1049 4347 1128 4416 impe-

23 4414 144 4471 mustbe
161 4415 294 4488 inreality
306 4421 326 4447 “
334 4435 423 4488 power
437 4420 479 4473 for
494 4436 558 4474 ons·
598 4421 737 4475 randum?
768 4427 787 4451 ‘⁴
795 4421 840 4475 He
851 4423 915 4493 only
927 4441 1057 4495 conquara
1069 4424 1129 4479 who

24 4494 103 4551 rw
598 4498 965 4572 haslearnthcwtoobey.”

57 4534 84 4614 ὁ
110 4572 155 4628 cf.
174 4588 250 4642 supr.
272 4571 295 4628 1.
314 4591 340 4644 3.
386 4574 452 4630 This
477 4577 500 4630 is
524 4594 558 4630 an

651 4689 677 4735 K
