2708 5226
200 578 266 646 166
529 574 702 640 NOVUM
725 570 975 638 OBGANUM.

199 743 263 831 sia)
276 739 331 811 vel
351 739 398 809 ob
414 739 650 809 irritationem
667 748 706 808 et
723 736 1030 829 exasperationem
1046 735 1193 827 spiritus
1208 736 1297 829 ignei

201 858 247 928 ab
271 879 373 949 aqua,
391 866 434 926 ut
458 857 521 926 lint
549 855 694 947 quidam
720 851 907 923 conflictus
934 861 973 921 et
1000 848 1299 943 autiperistasisn.

202 972 297 1045 Utra
313 995 396 1042 vero
425 994 482 1042 res
512 972 560 1041 sit
588 972 627 1040 in
652 991 767 1052 cama,
792 967 930 1038 facilius
954 966 1151 1060 apparebit,
1174 967 1205 1036 si
1230 966 1302 1037 loco

201 1112 302 1181 aquae
324 1088 542 1157 immittatur
563 1088 696 1156 oleum.
747 1082 880 1154 Oleum
901 1084 999 1152 cuim
1025 1104 1128 1175 aeque
1152 1104 1196 1154 ao
1219 1105 1303 1174 aqua

204 1203 337 1276 valebit
358 1204 404 1274 ad
426 1204 597 1273 unionem
622 1200 766 1294 spiritus
788 1197 927 1282 inclusi,
945 1197 1008 1268 sed
1031 1221 1104 1268 non
1127 1199 1174 1269 ad
1198 1199 1304 1268 irrita

204 1323 352 1393 tionem.
403 1319 524 1390 Etiam
555 1318 757 1389 faciendum
787 1326 842 1386 est
870 1316 1161 1408 experimentum
1194 1314 1304 1397 latins,

207 1449 281 1510 tam
314 1439 352 1508 in
386 1436 564 1507 cineribus
596 1445 635 1506 et
669 1432 825 1504 calcibus
858 1433 1079 1504 diversorum
1112 1454 1304 1525 corporum,

205 1575 315 1646 quam
333 1576 397 1646 per
410 1551 664 1623 immissionem
683 1549 900 1619 diversorum
919 1546 1097 1640 liquorum
1106 1545 1147 1618 ⁷³.

558 1767 623 1839 Ad
637 1767 804 1839 dccimm
822 1790 961 1837 mnam.

262 1925 321 1991 25.
348 1917 446 1988 Huic
462 1919 638 1989 instantiae
654 1916 883 2012 subjungitur
898 1918 1056 2015 nepotion
1072 1918 1224 1989 aliorum
1240 1941 1308 1988 me

211 2035 389 2117 tallorum,
418 2057 496 2127 quae
525 2043 608 2105 snut
637 2035 751 2128 magis
786 2031 909 2123 mollia
941 2044 979 2105 et
1007 2033 1116 2106 iluxn.
1169 2034 1308 2106 Etenim

211 2151 400 2224 bracteolae
423 2151 510 2234 auri,
528 2149 653 2221 solutae
677 2151 714 2219 iu
740 2149 915 2241 liquorem
939 2174 1004 2244 per
1026 2174 1156 2243 aquam
1175 2146 1308 2246 regis⁷⁴,

212 2269 350 2341 nullum
369 2269 456 2340 dant
472 2266 626 2339 calorem
645 2267 692 2337 ad
710 2276 847 2338 tactum
864 2267 902 2336 in
919 2267 1174 2341 dissolutione:
1198 2291 1309 2361 noque

213 2385 377 2457 similiter
392 2384 581 2479 plumbum
604 2384 641 2453 in
661 2406 755 2475 aqua
770 2382 864 2453 forti.
918 2383 1050 2477 Neque
1067 2386 1179 2458 etiam
1195 2409 1311 2481 argen-

214 2517 292 2574 tum
318 2504 448 2585 vivum,
467 2504 523 2593 (ut
553 2501 716 2590 memini)
741 2498 804 2570 sed
834 2511 1024 2593 argentum
1051 2503 1168 2596 ipsum
1195 2526 1311 2596 parum

215 2621 349 2690 excitat
374 2617 509 2698 caloris,
532 2627 641 2707 atque
667 2616 778 2685 etiam
803 2638 962 2707 cuprum,
987 2626 1044 2710 (ut
1070 2621 1234 2712 memini)
1258 2619 1312 2689 sed

215 2735 329 2827 magis
352 2733 540 2802 manifesto
563 2743 741 2812 stannum,
759 2741 869 2822 atque
892 2735 1052 2803 omnium
1076 2738 1235 2806 maxime
1253 2737 1314 2808 fer·

217 2873 295 2919 rum
314 2863 352 2919 et
369 2849 532 2941 clralybs;
559 2871 637 2939 quae
662 2871 732 2917 nou
759 2846 873 2916 solum
891 2849 1019 2919 fortem
1044 2854 1205 2924 excitant
1230 2853 1315 2924 calo

218 2989 293 3036 rem
319 2967 354 3036 in
380 2965 623 3044 dissolutione,
641 2963 702 3033 sed
721 2964 830 3033 etiam
847 2965 1041 3036 violentam
1059 2968 1315 3041 ebullitionem.

219 3080 347 3174 Itaque
374 3082 515 3151 videtur
543 3080 639 3151 calor
666 3081 742 3149 lieri
773 3102 835 3171 per
865 3080 1082 3165 conflictum,
1109 3109 1194 3156 cum
1221 3110 1317 3178 aquae

219 3200 328 3271 fortes
346 3207 535 3293 penetrant
553 3208 591 3269 et
605 3197 759 3276 fodiunt,
772 3206 810 3266 et
828 3196 1003 3270 divellunt
1021 3211 1141 3292 partes
1159 3204 1318 3300 corporis,

253 3393 280 3435 ⁷²
290 3393 511 3465 drnmpiorcccr,
522 3397 540 3421 ‘⁴
551 3390 596 3445 tha
614 3387 750 3459 atrmgth-
791 3387 877 3459 h'quid
888 3389 993 3460 applied
1006 3400 1035 3445 to
1044 3392 1201 3463 qiriolslime,
1210 3395 1240 3448 in
1251 3412 1321 3465 para·

219 3474 301 3545 aniug
313 3474 343 3528 oi
352 3492 368 3528 a
380 3472 508 3543 principle
520 3469 608 3539 bytho
620 3466 751 3521 inllucnce
792 3466 840 3537 ing
851 3467 909 3520 into
925 3485 941 3521 a
959 3469 1027 3522 solid
1044 3480 1120 3534 atate,
1133 3473 1209 3543 giras
1221 3473 1263 3528 oll'
1270 3475 1322 3528 vio·

220 3553 251 3607 oi
266 3555 301 3607 its
318 3551 469 3623 opposits.'’
505 3548 645 3617 (Glossary
660 3555 689 3600 to
709 3545 753 3599 Sir
794 3546 850 3598 lent
864 3544 944 3600 Heat.

220 3632 253 3688 T.
268 3631 404 3687 Browna's
425 3629 482 3683 Rei.
505 3626 593 3694 Mod.)
629 3624 672 3680 Gi.
690 3624 752 3678 inlr·
829 3621 1030 3679 ”Tnaoannic
1042 3629 1324 3703 mosqffl.

223 3711 261 3766 ll.
274 3711 375 3782 ²i·⁴⁸·
410 3702 753 3762 sirnssrovneuaeotha
794 3702 1061 3774 lmemexpnlned
1079 3705 1325 3780 byDr.Blankby

221 3790 303 3844 Tarm
322 3782 753 3852 Re1.ued.11.§10.sselov‚
794 3779 1326 3853 &munemundus

224 3868 305 3938 1107
318 3864 364 3932 (sd
374 3864 443 3932 lin),
457 3863 643 3917 Baoonmitoa
654 3861 755 3916 thira—
796 3858 906 3928 llnoyol.
920 3858 988 3915 Brit.

225 3952 244 3976 “
255 3963 303 4016 par
314 3943 509 4013 antipenataain
527 3941 582 3995 sive
594 3942 755 4010 rajmiom
830 3935 856 3975 ⁷⁴
867 3938 945 4009 Apso
956 3941 1034 4008 repis.
1046 3943 1229 4012 aoompound
1240 3944 1273 3999 oi
1287 3944 1326 3998 ai·

224 4031 325 4079 aarum
354 4019 637 4074 coatraric''-which
665 4016 755 4073 would
795 4015 844 4069 tric
862 4017 915 4071 and
931 4017 1131 4090 hydro-chloris
1143 4022 1216 4077 Acid
1232 4024 1261 4078 ia
1279 4023 1327 4077 dil·

225 4105 286 4175 givo
301 4102 322 4154 it
336 4100 409 4172 quite
426 4117 443 4152 a
460 4097 584 4152 different
597 4116 684 4153 aansc.
723 4096 754 4151 ln
795 4094 881 4148 {ment
892 4097 1071 4167 proportione,
1083 4099 1230 4173 κακῶς
1245 4110 1275 4156 ιο
1285 4102 1328 4156 the

226 4181 272 4237 ate
289 4196 362 4234 asmo
380 4175 754 4244 ssnaaltoccrmiull.48:
797 4190 914 4243 purpose
934 4175 977 4229 lor
997 4175 1086 4230 which
1106 4177 1127 4230 it
1150 4179 1328 4235 iamtndad.

226 4254 756 4324 anthadrisispontratlncrtbantlae
799 4247 825 4304 lt
847 4251 872 4305 ia
896 4254 1330 4325 particularlynaadtodiaaolrc

226 4333 426 4392 maumam
445 4334 760 4404 snongtheningoione
800 4329 882 4395 Gold,
906 4331 988 4403 being
1011 4333 1046 4386 ita
1069 4335 1269 4405 onlyanlvut.
1304 4336 1330 4391 lt

226 4415 356 4489 principia
373 4413 410 4484 by
421 4413 457 4467 its
472 4421 606 4484 oontmy.
644 4412 759 4470 Baoon’a
799 4410 857 4464 also
869 4409 999 4466 dissolves
1013 4411 1091 4466 other
1105 4415 1211 4479 motala,
1223 4415 1329 4470 bataot

230 4492 386 4566 suggestion
407 4491 438 4546 oi
458 4490 635 4562 substituting
654 4492 691 4546 oil
710 4492 760 4549 lna
800 4487 896 4544 Silvar.
927 4488 978 4544 Sos
988 4489 1082 4553 bum,
1094 4490 1164 4547 lma
1175 4494 1222 4549 28.
1256 4495 1329 4563 Aqua

229 4568 567 4640 bemmedmceoedully.
599 4568 760 4645 lulactany
792 4569 1193 4640 swanum-mana
