2708 5226
534 545 755 631 nrn.11.13.
1139 549 1204 615 irs

171 735 248 785 rem
287 709 506 793 animalium,
543 734 585 782 ae
621 713 730 783 etiam
775 712 953 781 radiorum
994 711 1204 799 coelestium,

170 829 293 921 (prout
322 827 367 897 ad
397 846 463 898 nos
498 825 723 915 deferuntur)
753 835 862 918 atque
896 825 1089 910 flammam,
1117 827 1203 898 lieet

170 943 399 1025 lenissimam,
429 948 542 1033 atque
570 943 680 1012 etiam
709 944 823 1037 ignita
852 943 982 1024 omnia,
1011 950 1119 1034 atque
1149 944 1204 1013 in·

171 1083 281 1153 super
305 1059 471 1152 liquores,
492 1067 556 1127 ant
580 1060 698 1130 alitem
723 1061 850 1152 ipsum,
871 1059 1041 1149 majorem
1067 1060 1104 1128 in
1129 1082 1204 1129 mo·

171 1178 260 1248 dum
277 1177 325 1247 ab
347 1176 430 1270 igne
454 1173 677 1246 calefactum.
731 1174 876 1246 Etenim
893 1173 1038 1244 flamma
1059 1175 1203 1267 spiritus

168 1294 254 1376 vini,
280 1293 480 1386 praesertim
510 1314 598 1374 rara,
625 1312 692 1361 nec
719 1291 927 1382 constipata,
961 1300 1080 1359 tamen
1110 1292 1203 1383 potis

169 1419 225 1482 est
250 1418 419 1494 stramen,
437 1416 502 1478 aut
530 1406 694 1490 linteum,
711 1415 775 1477 aut
795 1427 967 1499 papyrum
989 1406 1202 1491 incendere3

174 1525 273 1618 quod
290 1545 474 1615 nunquam
495 1520 604 1593 faciet
620 1521 716 1592 calor
740 1522 914 1606 animalis,
931 1522 988 1593 rel
1014 1522 1110 1608 solis,
1125 1522 1205 1593 abs·

175 1662 247 1734 que
263 1638 418 1734 speculis
435 1636 769 1709 comburentibusffl.

104 1762 159 1828 tl.
179 1755 351 1828 Flammae
373 1763 496 1824 autem
520 1763 558 1823 et
583 1755 778 1848 ignitorum
800 1755 944 1848 plurimi
970 1763 1054 1824 sunt
1075 1753 1204 1848 gradum

172 1874 211 1942 in
239 1870 454 1942 fortitudine
483 1879 522 1940 et
550 1869 738 1940 debilitate
768 1868 938 1941 caloris⁹⁴.
992 1869 1131 1941 Verum
1159 1872 1204 1941 de

173 1989 227 2059 his
252 1986 353 2058 nulla
379 1995 435 2056 est
461 1985 555 2055 faeta
580 1984 730 2078 diligens
759 1989 962 2079 inquisiti03
994 1997 1038 2058 ut
1061 2009 1204 2058 necesse

176 2105 320 2175 sitista
349 2102 476 2172 leviter
504 2100 757 2171 transmittere.
820 2101 977 2173 Videtur
1005 2110 1128 2173 autem
1157 2123 1205 2173 ex

174 2219 326 2291 flammis
355 2217 418 2289 illa
445 2239 492 2287 ex
517 2217 644 2308 spiritu
668 2218 740 2285 vini
767 2239 844 2288 esse
873 2217 1102 2300 mollissima;
1136 2219 1204 2288 nisi

140 2347 142 2351 ‘
177 2337 269 2407 forte
297 2335 389 2429 ignis
419 2334 549 2415 fatuus,
573 2343 637 2403 ant
667 2332 827 2417 flammae,
854 2356 917 2404 seu
946 2337 1206 2409 coruscationes

175 2475 220 2523 ex
259 2450 446 2522 sudoribus
478 2448 697 2532 animalium,
732 2451 803 2519 sint
840 2449 1028 2521 molliores.
1099 2448 1205 2520 Hane

176 2569 289 2661 sequiv
304 2567 492 2658 opinamur
513 2564 692 2635 flammam
716 2588 763 2636 ex
785 2565 1043 2660 vegetabilibus
1068 2566 1206 2637 levibus

175 2695 216 2758 et
229 2686 375 2778 perosis,
394 2693 435 2752 ut
451 2683 632 2763 stramine,
650 2683 785 2775 scirpis,
805 2694 844 2753 et
860 2682 954 2753 foliis
973 2684 1159 2765 arefectis3
1184 2706 1207 2754 a

177 2801 306 2895 quibus
329 2822 401 2870 non
424 2798 579 2868 multum
603 2797 744 2869 differre
769 2798 949 2871 flammam
971 2822 1017 2872 ex
1041 2798 1122 2892 pilis
1142 2809 1205 2870 aut

177 2918 319 3010 plumis.
374 2912 480 2984 Hane
505 2915 666 3005 sequitur
687 2915 835 2986 fortasse
858 2915 1002 2986 flamma
1020 2939 1065 2986 ex
1089 2915 1206 3009 lignis,

178 3034 375 3126 praesertim
403 3031 455 3113 iis,
478 3054 557 3122 qum
582 3054 651 3099 non
678 3032 835 3101 multum
860 3032 994 3102 babent
1019 3054 1065 3103 ex
1092 3034 1207 3102 resina

177 3158 240 3219 aut
263 3149 363 3242 piee;
390 3148 441 3218 ita
458 3156 579 3217 tamen
597 3155 640 3215 ut
656 3146 799 3217 flamma
815 3171 860 3218 ex
880 3146 984 3239 lignis
1005 3168 1083 3237 quae
1100 3168 1208 3238 parva

179 3272 263 3336 sunt
284 3262 380 3334 mole
399 3265 495 3355 (quae
516 3262 623 3355 vulgo
647 3261 861 3356 colligantur
882 3265 919 3332 in
936 3260 1137 3349 fasciculos)
1157 3262 1208 3332 le·

178 3382 258 3451 nior
278 3382 334 3462 sit,
352 3400 458 3472 quam
476 3402 555 3470 quae
577 3377 619 3447 iit
640 3401 686 3449 ex
708 3379 842 3448 truncis
865 3378 1031 3447 arborum
1054 3386 1093 3447 et
1115 3377 1207 3447 radi-

178 3497 289 3568 cibus.
342 3494 386 3566 Id
411 3497 504 3587 quod
522 3494 629 3587 vulgo
653 3495 805 3588 experiri
830 3493 916 3564 lieet
938 3493 973 3562 in
999 3493 1206 3575 fornacibus,

180 3636 258 3707 quse
283 3612 418 3684 ferrum
442 3620 673 3702 excoquunt;
702 3612 739 3680 in
766 3610 894 3702 quibus
919 3610 1012 3702 ignis
1033 3632 1080 3679 ex
1105 3609 1208 3680 fasci-

179 3727 270 3800 culis
295 3737 333 3799 et
365 3728 471 3797 ramis
496 3726 660 3797 arborum
691 3748 763 3797 non
793 3735 848 3796 est
879 3725 1071 3796 admodum
1098 3725 1206 3797 utilis.

180 3845 286 3917 Hanc
308 3845 470 3936 sequitur
493 3846 550 3933 (ut
575 3842 801 3930 arbitramur)
824 3841 968 3913 flamma
990 3866 1037 3914 ex
1061 3842 1152 3927 oleo,
1169 3853 1209 3915 et

180 3984 275 4043 sevo,
301 3969 339 4033 et
369 3983 459 4041 cera,
486 3969 524 4030 et
553 3959 758 4050 hujusmodi
789 3957 916 4028 oleosis
941 3968 980 4029 et
1005 3960 1208 4053 pinguibus,

148 4193 176 4235 ὓ
205 4193 295 4249 lleme
318 4191 424 4247 klndles
448 4190 638 4247 combustiblee
714 4189 740 4229 ⁹⁴
756 4189 814 4245 Tbe
830 4188 1000 4260 intensityol
1010 4187 1210 4244 Heatoiilsme

105 4288 181 4328 more
198 4271 298 4343 readily
316 4272 382 4326 then
400 4288 481 4342 many
492 4269 584 4326 bodies
602 4269 638 4323 do
678 4270 707 4322 in
725 4268 847 4322 different
864 4266 1020 4322 substenees
1036 4266 1154 4338 depende
1172 4285 1209 4322 on

107 4350 197 4406 'bose
210 4348 320 4404 Hostis
338 4349 379 4404 iar
395 4357 506 4420 greater,
525 4349 638 4403 because
678 4347 723 4402 the
739 4347 916 4416 composition
933 4346 964 4400 oi
976 4345 1023 4400 the
1041 4345 1112 4416 body
1124 4346 1209 4400 buru-

108 4429 208 4484 itisin
222 4445 238 4483 s
250 4427 388 4484 condition
399 4427 487 4482 which
499 4427 605 4482 enables
617 4427 638 4481 it
679 4425 736 4496 ing,
754 4424 808 4479 and
826 4443 863 4479 on
881 4425 916 4479 its
934 4423 1069 4479 readiness
1088 4432 1117 4477 to
1135 4440 1209 4478 eern-

111 4515 137 4562 to
155 4507 278 4562 combine
294 4506 377 4578 easily
390 4504 455 4560 with
472 4505 518 4560 tbe
535 4504 638 4560 inflam-
679 4502 741 4558 bine
753 4503 874 4558 witbtbs
886 4502 1000 4575 Oxypsn
1013 4502 1043 4556 oi
1051 4500 1098 4556 tbe
1110 4509 1209 4556 mos·

113 4585 195 4641 msbls
206 4585 334 4641 chemicsl
346 4585 474 4640 elemento
486 4583 516 4638 oi
525 4582 626 4638 bodies.
680 4582 769 4653 phere.
