2708 5226
497 557 585 623 LlB.
609 558 724 624 11.12.
1098 559 1162 624 165

60 740 194 814 genere
221 716 371 790 ulterius
395 719 646 810 inquirendum
673 727 739 802 est,
763 725 884 788 utrum
911 741 1066 812 corpora,
1087 744 1166 814 quae

62 835 278 905 emittuntur
293 857 339 905 ex
355 834 540 918 machinis,
555 833 688 927 (qualia
705 843 788 905 sunt
804 834 884 926 pilae
898 858 944 906 ex
961 837 1164 928 tormentis>

62 973 133 1022 non
161 974 207 1020 ex
237 953 312 1043 ipsa
339 953 563 1043 percussione
589 950 800 1021 contrahant
828 949 984 1042 aliquem
1015 954 1164 1047 gradum

62 1067 208 1150 caloris;
234 1067 324 1137 adeo
343 1074 384 1136 ut
401 1076 589 1159 postquam
607 1067 815 1149 deciderint,
834 1066 1061 1138 inveniantur
1077 1093 1165 1139 non-

61 1182 150 1254 nihil
167 1182 292 1253 calida.
338 1180 393 1252 At
408 1185 468 1253 aer
484 1193 603 1253 motus
621 1184 734 1276 magis
749 1183 932 1276 infrigidat
948 1207 1054 1275 quam
1074 1185 1165 1255 cale-

61 1300 166 1383 facit3
191 1300 286 1369 utin
305 1299 432 1380 ventis,
450 1307 487 1368 et
506 1296 659 1379 follibus,
677 1307 715 1370 et
736 1299 822 1369 flatu
848 1301 917 1369 oris
941 1300 1113 1370 contracti
1124 1297 1163 1370 ⁷⁰.

61 1415 201 1488 Verum
226 1414 428 1507 hujusmodi
454 1426 573 1486 motus
599 1439 670 1485 non
696 1425 751 1486 est
774 1424 848 1486 tam
873 1415 1015 1508 rapidus
1038 1427 1080 1486 ut
1101 1440 1164 1488 ex-

60 1531 149 1600 citet
166 1527 342 1611 calorem;
367 1536 404 1598 et
421 1528 462 1598 fit
479 1530 674 1601 secundum
693 1540 822 1612 totum,
841 1555 912 1601 non
931 1555 994 1624 per
1010 1534 1163 1625 particu-

59 1645 129 1718 las:
157 1654 200 1716 nt
216 1646 346 1715 mirum
364 1668 435 1715 non
453 1646 508 1729 sit,
527 1646 556 1715 si
574 1669 644 1717 non
662 1657 812 1742 generet
828 1647 994 1718 calorem.

386 1816 450 1888 Ac
465 1817 631 1889 decimam
647 1819 836 1914 septimam.

110 1941 171 2007 23.
197 1934 302 2006 Circa
334 1933 426 2005 banc
460 1936 665 2006 instantiam
696 1935 858 2008 facienda
892 1946 946 2007 est
980 1938 1162 2030 inquisitio

61 2051 276 2146 diligentior.
327 2048 509 2121 Videntur
532 2052 628 2120 enim
651 2049 769 2121 herbae
792 2060 830 2121 et
853 2053 1065 2146 vegetabilis
1082 2055 1163 2124 viri-

60 2169 118 2240 dia
133 2176 173 2240 et
188 2166 337 2237 humida
353 2163 485 2256 aliquid
504 2165 635 2237 habere
651 2167 688 2236 in
705 2189 743 2237 se
761 2167 893 2238 occulti
911 2168 1045 2240 caloris.
1094 2170 1162 2242 Ille

60 2306 143 2356 vero
160 2282 257 2356 calor
272 2290 347 2353 tam
364 2283 482 2353 tenuis
499 2291 563 2366 est,
582 2290 624 2352 ut
640 2284 678 2352 in
694 2283 842 2377 singulis
858 2307 930 2354 non
949 2287 1162 2380 percipiatur

60 2401 104 2471 ad
121 2408 279 2471 tactum:
305 2421 427 2468 verum
452 2406 640 2493 postquam
664 2399 727 2470 illa
750 2399 905 2470 adunata
928 2399 1000 2471 sint
1022 2410 1060 2473 et
1077 2426 1161 2474 con·

60 2517 167 2600 clusa
185 2524 227 2585 ut
244 2515 386 2608 spiritus
408 2515 565 2607 ipsorum
589 2536 659 2584 non
684 2517 823 2609 expiret
840 2517 878 2584 in
895 2518 1023 2599 adrem,
1042 2519 1103 2589 sed
1121 2543 1160 2589 se

59 2635 210 2704 invicem
228 2628 403 2715 foveat⁷¹;
430 2640 509 2701 tum
526 2654 610 2702 vero
634 2632 747 2702 oritur
769 2633 865 2704 calor
886 2633 1104 2717 manifestus,
1121 2645 1160 2706 et

58 2772 314 2842 nonnunquam
331 2747 474 2819 flamma
490 2749 527 2818 in
544 2749 692 2820 materia
708 2772 873 2843 congrua

395 2919 459 2991 Ad
473 2918 640 2991 dammam
658 2929 819 2993 octauam.

107 3043 169 3111 24.
196 3035 317 3109 Etiam
335 3038 429 3108 circa
445 3037 537 3108 banc
553 3038 757 3110 instantiam
776 3038 981 3132 diligentior
997 3040 1159 3113 facienda

58 3163 112 3226 est
136 3152 329 3246 inquisitio.
381 3149 538 3222 Videtur
563 3152 659 3222 enim
685 3150 766 3221 calx
783 3152 873 3234 viva,
892 3174 984 3244 aqua
1008 3177 1157 3248 aspersa,

58 3271 245 3364 concipere
274 3266 448 3351 calorem;
475 3267 532 3338 vel
563 3276 706 3359 propter
735 3267 903 3338 unionem
934 3267 1070 3353 caloris,
1095 3273 1156 3363 qui

56 3396 164 3459 antee
181 3383 451 3467 distrahebatur,
469 3381 526 3473 (ut
546 3391 630 3453 ante
654 3382 791 3452 dictum
808 3390 864 3454 est
880 3382 998 3454 herbis
1015 3384 1158 3456 conclu·

89 3626 116 3669 ⁷⁰
127 3624 227 3681 Bodies
238 3624 348 3696 passing
355 3621 473 3694 through
481 3621 530 3676 sir
538 3620 585 3675 be·
626 3620 765 3691 coverings
777 3621 809 3674 ol
818 3622 886 3675 wool
897 3638 928 3675 or
939 3621 1010 3676 skin.
1032 3628 1051 3654 “
1061 3623 1103 3678 lot
1114 3641 1156 3678 se·

53 3723 131 3762 come
149 3704 199 3759 hot
214 3702 252 3775 by
262 3702 433 3757 {fiction-as
450 3701 583 3754 Meteors:
624 3699 744 3756 cundum
753 3708 912 3764 totum,nou
925 3717 972 3771 per
982 3702 1156 3771 perticrdae.”

54 3784 104 3840 but
116 3783 167 3838 Air
181 3783 210 3837 in
222 3781 329 3835 Motion
343 3796 437 3835 musas
454 3779 584 3842 coolness,
626 3777 668 3849 By
683 3778 747 3842 this,
768 3777 779 3832 l
799 3795 923 3848 suppose,
944 3777 1035 3834 &con
1054 3798 1155 3845 means,

53 3863 168 3919 bemuse
179 3860 211 3915 of
219 3861 254 3915 its
265 3859 388 3931 carrying
398 3857 441 3913 off
447 3858 493 3912 tbe
506 3857 584 3913 Calo-
624 3858 645 3911 it
663 3857 754 3912 affecte
769 3856 815 3911 tbe
826 3855 913 3911 whole
929 3856 1001 3929 body
1012 3860 1155 3931 generally,

52 3942 91 3998 rie
113 3940 147 3995 οἱ
166 3938 213 3994 the
237 3937 325 4009 Body.
373 3936 432 3991 'l'he
455 3936 585 3991 radiation
624 3934 678 3989 and
699 3934 763 3989 does
784 3943 833 3989 not
851 3952 930 3990 cause
948 3935 1054 3990 friction
1072 3937 1105 3990 os
1120 3937 1155 3992 its

51 4019 83 4075 of
111 4016 185 4074 Heet
213 4016 284 4071 from
311 4033 328 4070 a
356 4014 429 4086 body
458 4016 481 4069 is
511 4032 585 4069 more
624 4021 742 4084 seperate
759 4014 890 4084 particles.
925 4012 992 4068 'l'his
1004 4014 1071 4069 view
1086 4016 1110 4070 is
1127 4016 1159 4071 el

51 4096 128 4170 sapiri
140 4095 220 4151 when
232 4094 279 4150 the
292 4092 363 4148 fleat
379 4094 403 4149 is
420 4094 584 4165 continnally
624 4110 719 4147 course
729 4109 832 4163 wrong.

51 4176 135 4247 being
163 4171 289 4228 removed
317 4170 355 4243 by
381 4189 398 4225 a
422 4179 530 4226 current
555 4173 587 4226 ot
659 4170 735 4225 ⁷¹80
753 4170 835 4241 damp
853 4169 977 4241 bayricks
996 4188 1040 4225 are
1060 4179 1155 4227 seton

51 4255 110 4320 sir,
130 4250 185 4308 and
205 4250 251 4306 the
270 4250 441 4324 equilibrium
460 4251 492 4306 ol
513 4248 584 4304 Heat
624 4248 679 4302 lire.
714 4247 773 4302 'Ibe
788 4248 859 4304 close
876 4248 1155 4305 confinementoidir

51 4328 312 4404 therebyhindered.
341 4328 583 4400 'lhecoutraryes-
624 4335 812 4398 createsgreat
831 4325 919 4391 lleat3
937 4326 991 4381 and
1007 4327 1081 4383 there
1097 4329 1155 4383 iss

51 4411 138 4468 lectis
150 4406 288 4481 produced
299 4406 377 4462 when
392 4406 438 4461 the
453 4406 583 4461 radiation
624 4423 731 4476 process
751 4406 782 4460 ol
802 4405 988 4460 fermentation
1010 4406 1095 4478 going
1117 4424 1154 4462 on

51 4484 582 4556 dunchantodesisimpededpf.
623 4484 689 4539 eleo.

52 4584 135 4640 snpra
152 4566 222 4622 lust.
237 4566 281 4637 ¹9)
301 4564 338 4637 by
349 4563 424 4619 thick
441 4562 495 4620 and
512 4565 584 4618 close
