<?xml version="1.0" encoding="UTF-8"?>
<!DOCTYPE html PUBLIC "-//W3C//DTD XHTML 1.0 Transitional//EN"
    "http://www.w3.org/TR/xhtml1/DTD/xhtml1-transitional.dtd">
<html xmlns="http://www.w3.org/1999/xhtml" xml:lang="en" lang="en">
 <head>
  <title>
</title>
<meta http-equiv="Content-Type" content="text/html;charset=utf-8" />
  <meta name='ocr-system' content='tesseract 3.04.00' />
  <meta name='ocr-capabilities' content='ocr_page ocr_carea ocr_par ocr_line ocrx_word'/>
</head>
<body>
  <div class='ocr_page' id='page_1' title='image "./franciscibaconi00kitcgoog_0363.png"; bbox 0 0 2708 5226; ppageno 0'>
   <div class='ocr_carea' id='block_1_1' title="bbox 131 513 910 581">
    <p class='ocr_par' dir='ltr' id='par_1_1' title="bbox 131 513 910 581">
     <span class='ocr_line' id='line_1_1' title="bbox 131 513 910 581; baseline -0.003 -1"><span class='ocrx_word' id='word_1_1' title='bbox 131 516 199 580; x_wconf 76' lang='lat'>882</span> <span class='ocrx_word' id='word_1_2' title='bbox 463 515 636 581; x_wconf 86' lang='lat' dir='ltr'>NOVUM</span> <span class='ocrx_word' id='word_1_3' title='bbox 659 513 910 581; x_wconf 84' lang='lat' dir='ltr'><strong>ORGANUM.</strong></span> 
     </span>
    </p>
   </div>
   <div class='ocr_carea' id='block_1_2' title="bbox 79 679 1246 3902">
    <p class='ocr_par' dir='ltr' id='par_1_2' title="bbox 134 679 1246 1470">
     <span class='ocr_line' id='line_1_2' title="bbox 186 679 1225 776; baseline 0.002 -25"><span class='ocrx_word' id='word_1_4' title='bbox 186 679 253 775; x_wconf 73' lang='grc' dir='ltr'><strong>(γ.)</strong></span> <span class='ocrx_word' id='word_1_5' title='bbox 286 679 409 774; x_wconf 77' lang='lat' dir='ltr'>Atque</span> <span class='ocrx_word' id='word_1_6' title='bbox 437 702 629 751; x_wconf 88' lang='lat' dir='ltr'>cousensus</span> <span class='ocrx_word' id='word_1_7' title='bbox 658 702 845 772; x_wconf 89' lang='lat' dir='ltr'>corporum</span> <span class='ocrx_word' id='word_1_8' title='bbox 875 681 1135 776; x_wconf 75' lang='lat' dir='ltr'>principalium</span> <span class='ocrx_word' id='word_1_9' title='bbox 1158 705 1225 776; x_wconf 76' lang='lat' dir='ltr'>ergo</span> 
     </span>
     <span class='ocr_line' id='line_1_3' title="bbox 134 795 1225 892; baseline 0 -22"><span class='ocrx_word' id='word_1_10' title='bbox 134 797 364 870; x_wconf 74' lang='lat' dir='ltr'>subordinate</span> <span class='ocrx_word' id='word_1_11' title='bbox 379 818 443 868; x_wconf 84' lang='lat' dir='ltr'>sus</span> <span class='ocrx_word' id='word_1_12' title='bbox 459 795 564 890; x_wconf 84' lang='lat' dir='ltr'>(teies</span> <span class='ocrx_word' id='word_1_13' title='bbox 581 797 678 867; x_wconf 88' lang='lat' dir='ltr'>enirn</span> <span class='ocrx_word' id='word_1_14' title='bbox 694 796 721 866; x_wconf 93' lang='lat' dir='ltr'>ii</span> <span class='ocrx_word' id='word_1_15' title='bbox 739 797 875 889; x_wconf 77' lang='lat' dir='ltr'>possint</span> <span class='ocrx_word' id='word_1_16' title='bbox 900 800 1045 869; x_wconf 88' lang='lat' dir='ltr'>censeri</span> <span class='ocrx_word' id='word_1_17' title='bbox 1069 821 1156 892; x_wconf 91' lang='lat' dir='ltr'>quos</span> <span class='ocrx_word' id='word_1_18' title='bbox 1175 822 1225 869; x_wconf 83' lang='lat' dir='ltr'>no</span> 
     </span>
     <span class='ocr_line' id='line_1_4' title="bbox 135 911 1226 1009; baseline 0.002 -25"><span class='ocrx_word' id='word_1_19' title='bbox 135 915 304 1004; x_wconf 75' lang='lat' dir='ltr'>terimus)</span> <span class='ocrx_word' id='word_1_20' title='bbox 333 914 418 984; x_wconf 71' lang='lat' dir='ltr'>setis</span> <span class='ocrx_word' id='word_1_21' title='bbox 443 912 482 982; x_wconf 90' lang='lat' dir='ltr'>iu</span> <span class='ocrx_word' id='word_1_22' title='bbox 512 920 635 1004; x_wconf 82' lang='lat' dir='ltr'>aperto</span> <span class='ocrx_word' id='word_1_23' title='bbox 662 921 756 982; x_wconf 90' lang='lat' dir='ltr'>suut.</span> <span class='ocrx_word' id='word_1_24' title='bbox 808 911 953 996; x_wconf 81' lang='lat' dir='ltr'>Quibus</span> <span class='ocrx_word' id='word_1_25' title='bbox 979 915 1069 986; x_wconf 85' lang='lat' dir='ltr'>sddi</span> <span class='ocrx_word' id='word_1_26' title='bbox 1096 924 1226 1009; x_wconf 65' lang='lat' dir='ltr'>posunt</span> 
     </span>
     <span class='ocr_line' id='line_1_5' title="bbox 135 1026 1226 1121; baseline 0.002 -20"><span class='ocrx_word' id='word_1_27' title='bbox 135 1051 303 1102; x_wconf 89' lang='lat' dir='ltr'>sensuum</span> <span class='ocrx_word' id='word_1_28' title='bbox 324 1047 514 1100; x_wconf 89' lang='lat' dir='ltr'>cousensus</span> <span class='ocrx_word' id='word_1_29' title='bbox 541 1050 625 1121; x_wconf 81' lang='lat' dir='ltr'>ergo</span> <span class='ocrx_word' id='word_1_30' title='bbox 651 1026 791 1121; x_wconf 77' lang='lat' dir='ltr'>obJ‘ects</span> <span class='ocrx_word' id='word_1_31' title='bbox 818 1050 894 1100; x_wconf 65' lang='lat' dir='ltr'>sus„</span> <span class='ocrx_word' id='word_1_32' title='bbox 948 1029 1025 1116; x_wconf 81' lang='lat' dir='ltr'>Qui</span> <span class='ocrx_word' id='word_1_33' title='bbox 1052 1053 1226 1103; x_wconf 75' lang='lat' dir='ltr'>cousensus</span> 
     </span>
     <span class='ocr_line' id='line_1_6' title="bbox 135 1144 1246 1231; baseline 0.004 -15"><span class='ocrx_word' id='word_1_34' title='bbox 135 1168 219 1216; x_wconf 87' lang='lat' dir='ltr'>oum</span> <span class='ocrx_word' id='word_1_35' title='bbox 234 1145 512 1217; x_wconf 73' lang='lat' dir='ltr'>manifestissimi</span> <span class='ocrx_word' id='word_1_36' title='bbox 529 1145 617 1227; x_wconf 84' lang='lat' dir='ltr'>sint3</span> <span class='ocrx_word' id='word_1_37' title='bbox 634 1144 726 1215; x_wconf 88' lang='lat' dir='ltr'>bene</span> <span class='ocrx_word' id='word_1_38' title='bbox 742 1145 869 1229; x_wconf 78' lang='lat' dir='ltr'>notati,</span> <span class='ocrx_word' id='word_1_39' title='bbox 887 1154 927 1217; x_wconf 91' lang='lat' dir='ltr'>et</span> <span class='ocrx_word' id='word_1_40' title='bbox 942 1149 1079 1219; x_wconf 76' lang='lat' dir='ltr'>acriter</span> <span class='ocrx_word' id='word_1_41' title='bbox 1093 1149 1225 1231; x_wconf 76' lang='lat' dir='ltr'>excussi,</span> <span class='ocrx_word' id='word_1_42' title='bbox 1243 1154 1246 1161; x_wconf 89' lang='lat'>&#39;</span> 
     </span>
     <span class='ocr_line' id='line_1_7' title="bbox 135 1257 1226 1356; baseline 0.001 -23"><span class='ocrx_word' id='word_1_43' title='bbox 135 1260 246 1333; x_wconf 81' lang='lat' dir='ltr'>etism</span> <span class='ocrx_word' id='word_1_44' title='bbox 275 1261 353 1332; x_wconf 81' lang='lat' dir='ltr'>eliis</span> <span class='ocrx_word' id='word_1_45' title='bbox 377 1259 615 1342; x_wconf 87' lang='lat' dir='ltr'>consensibus,</span> <span class='ocrx_word' id='word_1_46' title='bbox 640 1259 701 1350; x_wconf 87' lang='lat' dir='ltr'>qui</span> <span class='ocrx_word' id='word_1_47' title='bbox 731 1257 855 1343; x_wconf 75' lang='lat' dir='ltr'>latent,</span> <span class='ocrx_word' id='word_1_48' title='bbox 881 1282 1056 1355; x_wconf 83' lang='lat' dir='ltr'>mugusm</span> <span class='ocrx_word' id='word_1_49' title='bbox 1084 1261 1226 1356; x_wconf 83' lang='lat' dir='ltr'>praebers</span> 
     </span>
     <span class='ocr_line' id='line_1_8' title="bbox 135 1376 417 1470; baseline -0.004 -23"><span class='ocrx_word' id='word_1_50' title='bbox 135 1378 271 1470; x_wconf 89' lang='lat' dir='ltr'>possint</span> <span class='ocrx_word' id='word_1_51' title='bbox 288 1376 417 1448; x_wconf 86' lang='lat' dir='ltr'>lucem.</span> 
     </span>
    </p>

    <p class='ocr_par' dir='ltr' id='par_1_3' title="bbox 123 1489 1229 2747">
     <span class='ocr_line' id='line_1_9' title="bbox 185 1489 1226 1588; baseline 0.002 -27"><span class='ocrx_word' id='word_1_52' title='bbox 185 1489 246 1585; x_wconf 80' lang='lat' dir='ltr'>(l.)</span> <span class='ocrx_word' id='word_1_53' title='bbox 270 1491 324 1564; x_wconf 87' lang='lat' dir='ltr'>At</span> <span class='ocrx_word' id='word_1_54' title='bbox 339 1492 524 1564; x_wconf 86' lang='lat' dir='ltr'>interiores</span> <span class='ocrx_word' id='word_1_55' title='bbox 548 1512 734 1582; x_wconf 88' lang='lat' dir='ltr'>corporum</span> <span class='ocrx_word' id='word_1_56' title='bbox 757 1512 951 1563; x_wconf 88' lang='lat' dir='ltr'>consensus</span> <span class='ocrx_word' id='word_1_57' title='bbox 977 1500 1017 1563; x_wconf 88' lang='lat' dir='ltr'>et</span> <span class='ocrx_word' id='word_1_58' title='bbox 1041 1492 1147 1588; x_wconf 72' lang='lat' dir='ltr'>fuge,</span> <span class='ocrx_word' id='word_1_59' title='bbox 1162 1493 1226 1564; x_wconf 83' lang='lat' dir='ltr'>sive</span> 
     </span>
     <span class='ocr_line' id='line_1_10' title="bbox 132 1605 1227 1698; baseline 0.001 -21"><span class='ocrx_word' id='word_1_60' title='bbox 132 1607 299 1679; x_wconf 74' lang='lat' dir='ltr'>amicitie</span> <span class='ocrx_word' id='word_1_61' title='bbox 325 1617 364 1680; x_wconf 88' lang='lat' dir='ltr'>et</span> <span class='ocrx_word' id='word_1_62' title='bbox 390 1606 482 1688; x_wconf 85' lang='lat' dir='ltr'>lites,</span> <span class='ocrx_word' id='word_1_63' title='bbox 513 1605 637 1698; x_wconf 76' lang='lat' dir='ltr'>(tedet</span> <span class='ocrx_word' id='word_1_64' title='bbox 662 1607 759 1678; x_wconf 93' lang='lat' dir='ltr'>euim</span> <span class='ocrx_word' id='word_1_65' title='bbox 783 1629 849 1678; x_wconf 91' lang='lat' dir='ltr'>nos</span> <span class='ocrx_word' id='word_1_66' title='bbox 877 1608 954 1680; x_wconf 89' lang='lat' dir='ltr'>fere</span> <span class='ocrx_word' id='word_1_67' title='bbox 983 1609 1227 1681; x_wconf 73' lang='lat' dir='ltr'>vocabulorum</span> 
     </span>
     <span class='ocr_line' id='line_1_11' title="bbox 131 1721 1227 1816; baseline 0.004 -23"><span class='ocrx_word' id='word_1_68' title='bbox 131 1723 339 1816; x_wconf 84' lang='lat' dir='ltr'>symputhiae</span> <span class='ocrx_word' id='word_1_69' title='bbox 355 1729 394 1792; x_wconf 91' lang='lat' dir='ltr'>et</span> <span class='ocrx_word' id='word_1_70' title='bbox 410 1721 623 1814; x_wconf 74' lang='lat' dir='ltr'>antipathian,</span> <span class='ocrx_word' id='word_1_71' title='bbox 640 1732 786 1815; x_wconf 84' lang='lat' dir='ltr'>propter</span> <span class='ocrx_word' id='word_1_72' title='bbox 801 1724 1077 1815; x_wconf 81' lang='lat' dir='ltr'>superstitiones</span> <span class='ocrx_word' id='word_1_73' title='bbox 1102 1736 1141 1796; x_wconf 89' lang='lat' dir='ltr'>et</span> <span class='ocrx_word' id='word_1_74' title='bbox 1163 1728 1227 1796; x_wconf 81' lang='lat' dir='ltr'>ins-</span> 
     </span>
     <span class='ocr_line' id='line_1_12' title="bbox 131 1836 1228 1936; baseline 0.005 -28"><span class='ocrx_word' id='word_1_75' title='bbox 131 1837 206 1933; x_wconf 79' lang='lat' dir='ltr'>uia)</span> <span class='ocrx_word' id='word_1_76' title='bbox 222 1844 285 1908; x_wconf 85' lang='lat' dir='ltr'>sut</span> <span class='ocrx_word' id='word_1_77' title='bbox 301 1836 390 1909; x_wconf 82' lang='lat' dir='ltr'>fuleo</span> <span class='ocrx_word' id='word_1_78' title='bbox 405 1838 600 1931; x_wconf 79' lang='lat' dir='ltr'>adscriptus,</span> <span class='ocrx_word' id='word_1_79' title='bbox 618 1848 681 1909; x_wconf 88' lang='lat' dir='ltr'>sut</span> <span class='ocrx_word' id='word_1_80' title='bbox 704 1839 835 1910; x_wconf 76' lang='lat' dir='ltr'>fabulis</span> <span class='ocrx_word' id='word_1_81' title='bbox 859 1862 1070 1933; x_wconf 85' lang='lat' dir='ltr'>conspersae,</span> <span class='ocrx_word' id='word_1_82' title='bbox 1087 1852 1151 1914; x_wconf 87' lang='lat' dir='ltr'>sut</span> <span class='ocrx_word' id='word_1_83' title='bbox 1173 1866 1228 1936; x_wconf 89' lang='lat' dir='ltr'>per</span> 
     </span>
     <span class='ocr_line' id='line_1_13' title="bbox 130 1952 1228 2052; baseline 0.007 -28"><span class='ocrx_word' id='word_1_84' title='bbox 130 1952 346 2047; x_wconf 86' lang='lat' dir='ltr'>neglectum,</span> <span class='ocrx_word' id='word_1_85' title='bbox 368 1978 454 2027; x_wconf 80' lang='lat' dir='ltr'>rsrae</span> <span class='ocrx_word' id='word_1_86' title='bbox 480 1955 675 2026; x_wconf 74' lang='lat' dir='ltr'>admodum</span> <span class='ocrx_word' id='word_1_87' title='bbox 700 1965 794 2027; x_wconf 91' lang='lat' dir='ltr'>suut.</span> <span class='ocrx_word' id='word_1_88' title='bbox 846 1955 997 2028; x_wconf 85' lang='lat' dir='ltr'>Etenim</span> <span class='ocrx_word' id='word_1_89' title='bbox 1023 1961 1054 2030; x_wconf 91' lang='lat' dir='ltr'>si</span> <span class='ocrx_word' id='word_1_90' title='bbox 1081 1962 1160 2052; x_wconf 90' lang='lat' dir='ltr'>quis</span> <span class='ocrx_word' id='word_1_91' title='bbox 1182 1981 1228 2031; x_wconf 84' lang='lat' dir='ltr'>ss-</span> 
     </span>
     <span class='ocr_line' id='line_1_14' title="bbox 129 2068 1229 2168; baseline 0.006 -29"><span class='ocrx_word' id='word_1_92' title='bbox 129 2077 233 2152; x_wconf 86' lang='lat' dir='ltr'>serut,</span> <span class='ocrx_word' id='word_1_93' title='bbox 253 2070 348 2141; x_wconf 87' lang='lat' dir='ltr'>inter</span> <span class='ocrx_word' id='word_1_94' title='bbox 364 2072 504 2141; x_wconf 83' lang='lat' dir='ltr'>vinesm</span> <span class='ocrx_word' id='word_1_95' title='bbox 527 2078 567 2142; x_wconf 93' lang='lat' dir='ltr'>et</span> <span class='ocrx_word' id='word_1_96' title='bbox 591 2068 815 2142; x_wconf 83' lang='lat' dir='ltr'>brussieem³¹</span> <span class='ocrx_word' id='word_1_97' title='bbox 833 2093 912 2143; x_wconf 88' lang='lat' dir='ltr'>esse</span> <span class='ocrx_word' id='word_1_98' title='bbox 938 2072 1138 2159; x_wconf 86' lang='lat' dir='ltr'>dissidium,</span> <span class='ocrx_word' id='word_1_99' title='bbox 1155 2075 1229 2168; x_wconf 82' lang='lat' dir='ltr'>quis</span> 
     </span>
     <span class='ocr_line' id='line_1_15' title="bbox 123 2183 1228 2280; baseline 0.008 -26"><span class='ocrx_word' id='word_1_100' title='bbox 123 2183 233 2277; x_wconf 81' lang='lat' dir='ltr'>juxte</span> <span class='ocrx_word' id='word_1_101' title='bbox 260 2193 338 2257; x_wconf 79' lang='lat' dir='ltr'>sote</span> <span class='ocrx_word' id='word_1_102' title='bbox 364 2187 482 2258; x_wconf 90' lang='lat' dir='ltr'>minus</span> <span class='ocrx_word' id='word_1_103' title='bbox 513 2186 593 2258; x_wconf 84' lang='lat' dir='ltr'>laete</span> <span class='ocrx_word' id='word_1_104' title='bbox 622 2188 859 2280; x_wconf 81' lang='lat' dir='ltr'>proveniunt3</span> <span class='ocrx_word' id='word_1_105' title='bbox 889 2198 1021 2280; x_wconf 83' lang='lat' dir='ltr'>praesto</span> <span class='ocrx_word' id='word_1_106' title='bbox 1051 2193 1145 2263; x_wconf 82' lang='lat' dir='ltr'>rstio</span> <span class='ocrx_word' id='word_1_107' title='bbox 1171 2200 1228 2272; x_wconf 78' lang='lat' dir='ltr'>ost,</span> 
     </span>
     <span class='ocr_line' id='line_1_16' title="bbox 130 2301 1228 2398; baseline 0.006 -26"><span class='ocrx_word' id='word_1_108' title='bbox 130 2302 227 2392; x_wconf 91' lang='lat' dir='ltr'>quod</span> <span class='ocrx_word' id='word_1_109' title='bbox 256 2310 408 2396; x_wconf 82' lang='lat' dir='ltr'>utruque</span> <span class='ocrx_word' id='word_1_110' title='bbox 441 2302 563 2396; x_wconf 82' lang='lat' dir='ltr'>plaute</span> <span class='ocrx_word' id='word_1_111' title='bbox 597 2301 804 2373; x_wconf 78' lang='lat' dir='ltr'>succulenta</span> <span class='ocrx_word' id='word_1_112' title='bbox 836 2303 885 2373; x_wconf 92' lang='lat' dir='ltr'>sit</span> <span class='ocrx_word' id='word_1_113' title='bbox 916 2311 956 2373; x_wconf 92' lang='lat' dir='ltr'>et</span> <span class='ocrx_word' id='word_1_114' title='bbox 986 2304 1228 2398; x_wconf 77' lang='lat' dir='ltr'>depraedutnx,</span> 
     </span>
     <span class='ocr_line' id='line_1_17' title="bbox 131 2416 1229 2511; baseline 0.006 -23"><span class='ocrx_word' id='word_1_115' title='bbox 131 2418 229 2489; x_wconf 88' lang='lat' dir='ltr'>uude</span> <span class='ocrx_word' id='word_1_116' title='bbox 254 2418 367 2490; x_wconf 79' lang='lat' dir='ltr'>ultera</span> <span class='ocrx_word' id='word_1_117' title='bbox 392 2418 541 2489; x_wconf 84' lang='lat' dir='ltr'>alteram</span> <span class='ocrx_word' id='word_1_118' title='bbox 570 2418 765 2488; x_wconf 77' lang='lat' dir='ltr'>defraudet.</span> <span class='ocrx_word' id='word_1_119' title='bbox 817 2416 857 2488; x_wconf 83' lang='lat' dir='ltr'>si</span> <span class='ocrx_word' id='word_1_120' title='bbox 885 2418 965 2511; x_wconf 91' lang='lat' dir='ltr'>quis</span> <span class='ocrx_word' id='word_1_121' title='bbox 991 2432 1136 2506; x_wconf 78' lang='lat' dir='ltr'>asserat</span> <span class='ocrx_word' id='word_1_122' title='bbox 1161 2447 1229 2495; x_wconf 87' lang='lat' dir='ltr'>esse</span> 
     </span>
     <span class='ocr_line' id='line_1_18' title="bbox 131 2533 1229 2631; baseline 0.005 -27"><span class='ocrx_word' id='word_1_123' title='bbox 131 2556 340 2604; x_wconf 88' lang='lat' dir='ltr'>consensum</span> <span class='ocrx_word' id='word_1_124' title='bbox 368 2545 406 2606; x_wconf 92' lang='lat' dir='ltr'>et</span> <span class='ocrx_word' id='word_1_125' title='bbox 436 2533 630 2605; x_wconf 84' lang='lat' dir='ltr'>amicitiam</span> <span class='ocrx_word' id='word_1_126' title='bbox 662 2535 756 2603; x_wconf 90' lang='lat' dir='ltr'>iuter</span> <span class='ocrx_word' id='word_1_127' title='bbox 783 2542 923 2627; x_wconf 85' lang='lat' dir='ltr'>segetes</span> <span class='ocrx_word' id='word_1_128' title='bbox 951 2544 990 2606; x_wconf 91' lang='lat' dir='ltr'>et</span> <span class='ocrx_word' id='word_1_129' title='bbox 1018 2538 1229 2631; x_wconf 59' lang='lat' dir='ltr'>eysueumffl,</span> 
     </span>
     <span class='ocr_line' id='line_1_19' title="bbox 131 2649 1229 2747; baseline 0.004 -25"><span class='ocrx_word' id='word_1_130' title='bbox 131 2661 193 2722; x_wconf 85' lang='lat' dir='ltr'>eut</span> <span class='ocrx_word' id='word_1_131' title='bbox 220 2672 372 2742; x_wconf 81' lang='lat' dir='ltr'>papaver</span> <span class='ocrx_word' id='word_1_132' title='bbox 398 2649 577 2741; x_wconf 84' lang='lat' dir='ltr'>sylvestre,</span> <span class='ocrx_word' id='word_1_133' title='bbox 605 2652 688 2741; x_wconf 84' lang='lat' dir='ltr'>quie</span> <span class='ocrx_word' id='word_1_134' title='bbox 714 2650 832 2720; x_wconf 87' lang='lat' dir='ltr'>herbae</span> <span class='ocrx_word' id='word_1_135' title='bbox 858 2649 928 2720; x_wconf 82' lang='lat' dir='ltr'>illae</span> <span class='ocrx_word' id='word_1_136' title='bbox 956 2652 1034 2723; x_wconf 86' lang='lat' dir='ltr'>fere</span> <span class='ocrx_word' id='word_1_137' title='bbox 1059 2678 1134 2725; x_wconf 94' lang='lat' dir='ltr'>non</span> <span class='ocrx_word' id='word_1_138' title='bbox 1159 2679 1229 2747; x_wconf 82' lang='lat' dir='ltr'>pro</span> 
     </span>
    </p>

    <p class='ocr_par' dir='ltr' id='par_1_4' title="bbox 79 2763 1233 3902">
     <span class='ocr_line' id='line_1_20' title="bbox 79 2763 1229 2860; baseline 0.007 -27"><span class='ocrx_word' id='word_1_139' title='bbox 79 2770 82 2775; x_wconf 80' lang='grc'><strong>’</strong></span> <span class='ocrx_word' id='word_1_140' title='bbox 131 2765 280 2834; x_wconf 87' lang='lat' dir='ltr'>veniunt</span> <span class='ocrx_word' id='word_1_141' title='bbox 303 2765 368 2832; x_wconf 92' lang='lat' dir='ltr'>nisi</span> <span class='ocrx_word' id='word_1_142' title='bbox 393 2763 429 2832; x_wconf 91' lang='lat' dir='ltr'>in</span> <span class='ocrx_word' id='word_1_143' title='bbox 453 2767 545 2834; x_wconf 85' lang='lat' dir='ltr'>arvis</span> <span class='ocrx_word' id='word_1_144' title='bbox 570 2765 694 2836; x_wconf 86' lang='lat' dir='ltr'>cultis:</span> <span class='ocrx_word' id='word_1_145' title='bbox 723 2766 848 2836; x_wconf 88' lang='lat' dir='ltr'>debuit</span> <span class='ocrx_word' id='word_1_146' title='bbox 871 2767 900 2836; x_wconf 90' lang='lat' dir='ltr'>is</span> <span class='ocrx_word' id='word_1_147' title='bbox 926 2770 1048 2860; x_wconf 91' lang='lat' dir='ltr'>potius</span> <span class='ocrx_word' id='word_1_148' title='bbox 1073 2795 1229 2853; x_wconf 84' lang='lat' dir='ltr'>asserere,</span> 
     </span>
     <span class='ocr_line' id='line_1_21' title="bbox 131 2879 1230 2978; baseline 0.011 -30"><span class='ocrx_word' id='word_1_149' title='bbox 131 2879 316 2948; x_wconf 90' lang='lat' dir='ltr'>dissidium</span> <span class='ocrx_word' id='word_1_150' title='bbox 334 2900 410 2947; x_wconf 88' lang='lat' dir='ltr'>esse</span> <span class='ocrx_word' id='word_1_151' title='bbox 428 2879 590 2959; x_wconf 87' lang='lat' dir='ltr'>interes,</span> <span class='ocrx_word' id='word_1_152' title='bbox 610 2882 693 2971; x_wconf 86' lang='lat' dir='ltr'>quie</span> <span class='ocrx_word' id='word_1_153' title='bbox 718 2905 870 2974; x_wconf 83' lang='lat' dir='ltr'>papaver</span> <span class='ocrx_word' id='word_1_154' title='bbox 887 2894 926 2954; x_wconf 92' lang='lat' dir='ltr'>et</span> <span class='ocrx_word' id='word_1_155' title='bbox 951 2908 1110 2978; x_wconf 78' lang='lat' dir='ltr'>cyaneus</span> <span class='ocrx_word' id='word_1_156' title='bbox 1135 2892 1230 2959; x_wconf 71' lang='lat' dir='ltr'>emit·</span> 
     </span>
     <span class='ocr_line' id='line_1_22' title="bbox 132 2995 1230 3100; baseline 0.013 -35"><span class='ocrx_word' id='word_1_157' title='bbox 132 3003 260 3065; x_wconf 90' lang='lat' dir='ltr'>tuntur</span> <span class='ocrx_word' id='word_1_158' title='bbox 276 3002 314 3065; x_wconf 91' lang='lat' dir='ltr'>et</span> <span class='ocrx_word' id='word_1_159' title='bbox 336 3003 501 3064; x_wconf 85' lang='lat' dir='ltr'>creantur</span> <span class='ocrx_word' id='word_1_160' title='bbox 519 3018 565 3065; x_wconf 85' lang='lat' dir='ltr'>ex</span> <span class='ocrx_word' id='word_1_161' title='bbox 583 2995 645 3065; x_wconf 86' lang='lat' dir='ltr'>teli</span> <span class='ocrx_word' id='word_1_162' title='bbox 670 3018 776 3066; x_wconf 85' lang='lat' dir='ltr'>succo</span> <span class='ocrx_word' id='word_1_163' title='bbox 798 3008 908 3080; x_wconf 83' lang='lat' dir='ltr'>terrae,</span> <span class='ocrx_word' id='word_1_164' title='bbox 928 3001 1073 3091; x_wconf 84' lang='lat' dir='ltr'>qualem</span> <span class='ocrx_word' id='word_1_165' title='bbox 1101 3017 1230 3100; x_wconf 84' lang='lat' dir='ltr'>segetes</span> 
     </span>
     <span class='ocr_line' id='line_1_23' title="bbox 131 3110 1230 3217; baseline 0.015 -38"><span class='ocrx_word' id='word_1_166' title='bbox 131 3110 341 3202; x_wconf 87' lang='lat' dir='ltr'>reliquerint</span> <span class='ocrx_word' id='word_1_167' title='bbox 368 3119 406 3181; x_wconf 91' lang='lat' dir='ltr'>et</span> <span class='ocrx_word' id='word_1_168' title='bbox 438 3110 725 3202; x_wconf 78' lang='lat' dir='ltr'>repudiaverint3</span> <span class='ocrx_word' id='word_1_169' title='bbox 760 3114 849 3183; x_wconf 83' lang='lat' dir='ltr'>adeo</span> <span class='ocrx_word' id='word_1_170' title='bbox 878 3124 921 3184; x_wconf 91' lang='lat' dir='ltr'>ut</span> <span class='ocrx_word' id='word_1_171' title='bbox 952 3121 1044 3190; x_wconf 83' lang='lat' dir='ltr'>satio</span> <span class='ocrx_word' id='word_1_172' title='bbox 1075 3134 1230 3217; x_wconf 90' lang='lat' dir='ltr'>segetum</span> 
     </span>
     <span class='ocr_line' id='line_1_24' title="bbox 133 3228 1233 3333; baseline 0.012 -35"><span class='ocrx_word' id='word_1_173' title='bbox 133 3236 263 3299; x_wconf 83' lang='lat' dir='ltr'>terram</span> <span class='ocrx_word' id='word_1_174' title='bbox 289 3236 462 3321; x_wconf 85' lang='lat' dir='ltr'>praepuret</span> <span class='ocrx_word' id='word_1_175' title='bbox 478 3228 523 3297; x_wconf 84' lang='lat' dir='ltr'>ed</span> <span class='ocrx_word' id='word_1_176' title='bbox 541 3251 664 3298; x_wconf 86' lang='lat' dir='ltr'>eorum</span> <span class='ocrx_word' id='word_1_177' title='bbox 690 3239 914 3322; x_wconf 88' lang='lat' dir='ltr'>proventum.</span> <span class='ocrx_word' id='word_1_178' title='bbox 966 3233 1094 3328; x_wconf 82' lang='lat' dir='ltr'>Atque</span> <span class='ocrx_word' id='word_1_179' title='bbox 1121 3241 1233 3333; x_wconf 88' lang='lat' dir='ltr'>hujus·</span> 
     </span>
     <span class='ocr_line' id='line_1_25' title="bbox 133 3344 1231 3441; baseline 0.013 -29"><span class='ocrx_word' id='word_1_180' title='bbox 133 3345 230 3414; x_wconf 91' lang='lat' dir='ltr'>modi</span> <span class='ocrx_word' id='word_1_181' title='bbox 264 3344 431 3415; x_wconf 82' lang='lat' dir='ltr'>falsarum</span> <span class='ocrx_word' id='word_1_182' title='bbox 465 3346 746 3438; x_wconf 85' lang='lat' dir='ltr'>adscriptionum</span> <span class='ocrx_word' id='word_1_183' title='bbox 780 3370 931 3441; x_wconf 82' lang='lat' dir='ltr'>maguus</span> <span class='ocrx_word' id='word_1_184' title='bbox 966 3361 1022 3423; x_wconf 91' lang='lat' dir='ltr'>est</span> <span class='ocrx_word' id='word_1_185' title='bbox 1056 3378 1231 3428; x_wconf 89' lang='lat' dir='ltr'>uumerus.</span> 
     </span>
     <span class='ocr_line' id='line_1_26' title="bbox 133 3458 1231 3544; baseline 0.012 -15"><span class='ocrx_word' id='word_1_186' title='bbox 133 3458 261 3543; x_wconf 79' lang='lat' dir='ltr'>Quoad</span> <span class='ocrx_word' id='word_1_187' title='bbox 288 3460 425 3532; x_wconf 80' lang='lat' dir='ltr'>fabulas</span> <span class='ocrx_word' id='word_1_188' title='bbox 447 3482 541 3541; x_wconf 87' lang='lat' dir='ltr'>vero,</span> <span class='ocrx_word' id='word_1_189' title='bbox 568 3461 637 3530; x_wconf 88' lang='lat' dir='ltr'>illae</span> <span class='ocrx_word' id='word_1_190' title='bbox 663 3464 808 3533; x_wconf 92' lang='lat' dir='ltr'>omnino</span> <span class='ocrx_word' id='word_1_191' title='bbox 831 3476 915 3535; x_wconf 91' lang='lat' dir='ltr'>suut</span> <span class='ocrx_word' id='word_1_192' title='bbox 943 3474 1231 3544; x_wconf 85' lang='lat' dir='ltr'>extermiusudae.</span> 
     </span>
     <span class='ocr_line' id='line_1_27' title="bbox 134 3575 1232 3680; baseline 0.009 -32"><span class='ocrx_word' id='word_1_193' title='bbox 134 3575 264 3648; x_wconf 81' lang='lat' dir='ltr'>Restat</span> <span class='ocrx_word' id='word_1_194' title='bbox 280 3580 398 3649; x_wconf 91' lang='lat' dir='ltr'>tenuis</span> <span class='ocrx_word' id='word_1_195' title='bbox 416 3586 514 3647; x_wconf 88' lang='lat' dir='ltr'>certe</span> <span class='ocrx_word' id='word_1_196' title='bbox 531 3578 633 3671; x_wconf 87' lang='lat' dir='ltr'>copie</span> <span class='ocrx_word' id='word_1_197' title='bbox 650 3602 773 3649; x_wconf 91' lang='lat' dir='ltr'>eorum</span> <span class='ocrx_word' id='word_1_198' title='bbox 790 3603 1042 3668; x_wconf 83' lang='lat' dir='ltr'>consensuum,</span> <span class='ocrx_word' id='word_1_199' title='bbox 1061 3591 1123 3680; x_wconf 93' lang='lat' dir='ltr'>qui</span> <span class='ocrx_word' id='word_1_200' title='bbox 1141 3598 1232 3660; x_wconf 86' lang='lat' dir='ltr'>certo</span> 
     </span>
     <span class='ocr_line' id='line_1_28' title="bbox 132 3690 1233 3796; baseline 0.009 -36"><span class='ocrx_word' id='word_1_201' title='bbox 132 3690 271 3781; x_wconf 80' lang='lat' dir='ltr'>probati</span> <span class='ocrx_word' id='word_1_202' title='bbox 301 3703 385 3762; x_wconf 92' lang='lat' dir='ltr'>sunt</span> <span class='ocrx_word' id='word_1_203' title='bbox 415 3693 686 3785; x_wconf 85' lang='lat' dir='ltr'>experimento;</span> <span class='ocrx_word' id='word_1_204' title='bbox 725 3694 847 3785; x_wconf 84' lang='lat' dir='ltr'>quales</span> <span class='ocrx_word' id='word_1_205' title='bbox 878 3707 963 3767; x_wconf 91' lang='lat' dir='ltr'>suut</span> <span class='ocrx_word' id='word_1_206' title='bbox 993 3708 1171 3796; x_wconf 79' lang='lat' dir='ltr'>magnetis</span> <span class='ocrx_word' id='word_1_207' title='bbox 1199 3714 1233 3775; x_wconf 86' lang='lat' dir='ltr'>et</span> 
     </span>
     <span class='ocr_line' id='line_1_29' title="bbox 132 3805 1232 3902; baseline 0.015 -29"><span class='ocrx_word' id='word_1_208' title='bbox 132 3805 225 3886; x_wconf 86' lang='lat' dir='ltr'>ferri,</span> <span class='ocrx_word' id='word_1_209' title='bbox 252 3814 361 3897; x_wconf 85' lang='lat' dir='ltr'>atque</span> <span class='ocrx_word' id='word_1_210' title='bbox 385 3809 462 3877; x_wconf 86' lang='lat' dir='ltr'>suri</span> <span class='ocrx_word' id='word_1_211' title='bbox 489 3817 527 3878; x_wconf 91' lang='lat' dir='ltr'>et</span> <span class='ocrx_word' id='word_1_212' title='bbox 551 3811 689 3902; x_wconf 83' lang='lat' dir='ltr'>urgenti</span> <span class='ocrx_word' id='word_1_213' title='bbox 714 3813 796 3894; x_wconf 87' lang='lat' dir='ltr'>vivi,</span> <span class='ocrx_word' id='word_1_214' title='bbox 823 3822 861 3882; x_wconf 91' lang='lat' dir='ltr'>et</span> <span class='ocrx_word' id='word_1_215' title='bbox 888 3814 1072 3890; x_wconf 92' lang='lat' dir='ltr'>similium.</span> <span class='ocrx_word' id='word_1_216' title='bbox 1125 3820 1178 3893; x_wconf 83' lang='lat' dir='ltr'>At</span> <span class='ocrx_word' id='word_1_217' title='bbox 1198 3822 1232 3890; x_wconf 93' lang='lat' dir='ltr'>in</span> 
     </span>
    </p>
   </div>
   <div class='ocr_carea' id='block_1_3' title="bbox 129 4037 1235 4431">
    <p class='ocr_par' dir='ltr' id='par_1_5' title="bbox 129 4037 1235 4431">
     <span class='ocr_line' id='line_1_30' title="bbox 166 4037 1233 4126; baseline 0.019 -35"><span class='ocrx_word' id='word_1_218' title='bbox 166 4037 190 4077; x_wconf 82' lang='lat'>³¹</span> <span class='ocrx_word' id='word_1_219' title='bbox 203 4039 338 4102; x_wconf 78' lang='lat' dir='ltr'>Brassica,</span> <span class='ocrx_word' id='word_1_220' title='bbox 353 4039 527 4106; x_wconf 83' lang='lat' dir='ltr'>Caulillower,</span> <span class='ocrx_word' id='word_1_221' title='bbox 540 4044 659 4112; x_wconf 76' lang='grc' dir='ltr'><strong><em>Κράμβη,</em></strong></span> <span class='ocrx_word' id='word_1_222' title='bbox 702 4043 754 4098; x_wconf 92' lang='lat' dir='ltr'>this</span> <span class='ocrx_word' id='word_1_223' title='bbox 763 4067 771 4109; x_wconf 70' lang='grc' dir='ltr'><strong><em>ς</em></strong></span> <span class='ocrx_word' id='word_1_224' title='bbox 794 4045 835 4101; x_wconf 92' lang='lat' dir='ltr'>for</span> <span class='ocrx_word' id='word_1_225' title='bbox 852 4046 915 4119; x_wconf 82' lang='lat' dir='ltr'>they</span> <span class='ocrx_word' id='word_1_226' title='bbox 932 4048 995 4105; x_wconf 89' lang='lat' dir='ltr'>held</span> <span class='ocrx_word' id='word_1_227' title='bbox 1016 4051 1077 4108; x_wconf 83' lang='lat' dir='ltr'>that</span> <span class='ocrx_word' id='word_1_228' title='bbox 1095 4053 1132 4126; x_wconf 87' lang='lat' dir='ltr'>by</span> <span class='ocrx_word' id='word_1_229' title='bbox 1150 4056 1233 4125; x_wconf 82' lang='lat' dir='ltr'>eeting</span> 
     </span>
     <span class='ocr_line' id='line_1_31' title="bbox 129 4116 1235 4197; baseline 0.015 -28"><span class='ocrx_word' id='word_1_230' title='bbox 129 4116 256 4188; x_wconf 65' lang='grc' dir='ltr'>ῥάφανον.</span> <span class='ocrx_word' id='word_1_231' title='bbox 294 4117 389 4172; x_wconf 88' lang='lat' dir='ltr'>“Vitis</span> <span class='ocrx_word' id='word_1_232' title='bbox 401 4137 417 4173; x_wconf 86' lang='lat' dir='ltr'>a</span> <span class='ocrx_word' id='word_1_233' title='bbox 428 4121 549 4176; x_wconf 77' lang='lat' dir='ltr'>caulibus</span> <span class='ocrx_word' id='word_1_234' title='bbox 561 4122 659 4177; x_wconf 81' lang='lat' dir='ltr'>bressi·</span> <span class='ocrx_word' id='word_1_235' title='bbox 703 4124 824 4179; x_wconf 81' lang='lat' dir='ltr'>Brassics</span> <span class='ocrx_word' id='word_1_236' title='bbox 842 4124 904 4197; x_wconf 84' lang='lat' dir='ltr'>they</span> <span class='ocrx_word' id='word_1_237' title='bbox 916 4128 1030 4183; x_wconf 81' lang='lat' dir='ltr'>avoided</span> <span class='ocrx_word' id='word_1_238' title='bbox 1043 4131 1090 4186; x_wconf 88' lang='lat' dir='ltr'>the</span> <span class='ocrx_word' id='word_1_239' title='bbox 1101 4133 1192 4188; x_wconf 79' lang='lat' dir='ltr'>effecte</span> <span class='ocrx_word' id='word_1_240' title='bbox 1208 4132 1235 4187; x_wconf 90' lang='lat' dir='ltr'>uf</span> 
     </span>
     <span class='ocr_line' id='line_1_32' title="bbox 130 4195 1232 4283; baseline 0.016 -34"><span class='ocrx_word' id='word_1_241' title='bbox 130 4195 659 4272; x_wconf 70' lang='lat' dir='ltr'>cisquesiproptersatisiututspes·</span> <span class='ocrx_word' id='word_1_242' title='bbox 702 4201 790 4258; x_wconf 85' lang='lat' dir='ltr'>drink.</span> <span class='ocrx_word' id='word_1_243' title='bbox 830 4205 1041 4263; x_wconf 81' lang='lat' dir='ltr'>SeeAthenaeus</span> <span class='ocrx_word' id='word_1_244' title='bbox 1054 4209 1155 4283; x_wconf 83' lang='lat' dir='ltr'>Deipu.</span> <span class='ocrx_word' id='word_1_245' title='bbox 1169 4212 1191 4266; x_wconf 90' lang='lat'>1.</span> <span class='ocrx_word' id='word_1_246' title='bbox 1208 4230 1232 4282; x_wconf 92' lang='lat' dir='ltr'>p.</span> 
     </span>
     <span class='ocr_line' id='line_1_33' title="bbox 129 4273 837 4352; baseline 0.013 -25"><span class='ocrx_word' id='word_1_247' title='bbox 129 4273 212 4328; x_wconf 86' lang='lat' dir='ltr'>tiferis</span> <span class='ocrx_word' id='word_1_248' title='bbox 224 4284 251 4327; x_wconf 87' lang='lat' dir='ltr'>et</span> <span class='ocrx_word' id='word_1_249' title='bbox 262 4275 420 4330; x_wconf 89' lang='lat' dir='ltr'>nocentibus</span> <span class='ocrx_word' id='word_1_250' title='bbox 432 4277 552 4348; x_wconf 80' lang='lat' dir='ltr'>refugere</span> <span class='ocrx_word' id='word_1_251' title='bbox 564 4279 659 4333; x_wconf 82' lang='lat' dir='ltr'>dicun-</span> <span class='ocrx_word' id='word_1_252' title='bbox 700 4298 735 4352; x_wconf 85' lang='lat'>34</span> <span class='ocrx_word' id='word_1_253' title='bbox 748 4281 837 4336; x_wconf 78' lang='lat' dir='ltr'>c-F.</span> 
     </span>
     <span class='ocr_line' id='line_1_34' title="bbox 130 4352 1233 4431; baseline 0.015 -24"><span class='ocrx_word' id='word_1_254' title='bbox 130 4353 203 4408; x_wconf 85' lang='lat' dir='ltr'>tur.’&#39;</span> <span class='ocrx_word' id='word_1_255' title='bbox 229 4352 286 4407; x_wconf 85' lang='lat' dir='ltr'>Cic.</span> <span class='ocrx_word' id='word_1_256' title='bbox 305 4352 338 4406; x_wconf 89' lang='lat' dir='ltr'>de</span> <span class='ocrx_word' id='word_1_257' title='bbox 357 4353 420 4409; x_wconf 82' lang='lat' dir='ltr'>Nat.</span> <span class='ocrx_word' id='word_1_258' title='bbox 434 4356 514 4412; x_wconf 90' lang='lat' dir='ltr'>Deor.</span> <span class='ocrx_word' id='word_1_259' title='bbox 529 4357 566 4410; x_wconf 96' lang='lat' dir='ltr'>ll.</span> <span class='ocrx_word' id='word_1_260' title='bbox 580 4373 660 4430; x_wconf 82' lang='lat'><strong>47.—</strong></span> <span class='ocrx_word' id='word_1_261' title='bbox 735 4359 761 4398; x_wconf 79' lang='lat'>³²</span> <span class='ocrx_word' id='word_1_262' title='bbox 776 4360 901 4431; x_wconf 73' lang='lat' dir='ltr'>Gyareus,</span> <span class='ocrx_word' id='word_1_263' title='bbox 915 4362 961 4417; x_wconf 88' lang='lat' dir='ltr'>the</span> <span class='ocrx_word' id='word_1_264' title='bbox 975 4364 1150 4423; x_wconf 81' lang='lat' dir='ltr'>Corullower.</span> <span class='ocrx_word' id='word_1_265' title='bbox 1179 4368 1233 4422; x_wconf 84' lang='lat' dir='ltr'>The</span> 
     </span>
    </p>
   </div>
   <div class='ocr_carea' id='block_1_4' title="bbox 129 4432 1166 4581">
    <p class='ocr_par' dir='ltr' id='par_1_6' title="bbox 129 4432 1166 4581">
     <span class='ocr_line' id='line_1_35' title="bbox 129 4432 1166 4514; baseline 0.014 -26"><span class='ocrx_word' id='word_1_266' title='bbox 129 4432 196 4488; x_wconf 84' lang='lat' dir='ltr'>This</span> <span class='ocrx_word' id='word_1_267' title='bbox 238 4433 406 4503; x_wconf 82' lang='lat' dir='ltr'>antagonism</span> <span class='ocrx_word' id='word_1_268' title='bbox 448 4434 493 4489; x_wconf 91' lang='lat' dir='ltr'>the</span> <span class='ocrx_word' id='word_1_269' title='bbox 532 4438 660 4492; x_wconf 83' lang='lat' dir='ltr'>Aucients</span> <span class='ocrx_word' id='word_1_270' title='bbox 701 4457 799 4511; x_wconf 92' lang='lat' dir='ltr'>proper</span> <span class='ocrx_word' id='word_1_271' title='bbox 810 4440 883 4495; x_wconf 88' lang='lat' dir='ltr'>word</span> <span class='ocrx_word' id='word_1_272' title='bbox 895 4443 918 4495; x_wconf 85' lang='lat' dir='ltr'>is</span> <span class='ocrx_word' id='word_1_273' title='bbox 932 4441 1053 4514; x_wconf 73' lang='lat' dir='ltr'>Cycnus,</span> <span class='ocrx_word' id='word_1_274' title='bbox 1066 4447 1166 4506; x_wconf 77' lang='grc' dir='ltr'><strong><em>κύανος.</em></strong></span> 
     </span>
     <span class='ocr_line' id='line_1_36' title="bbox 131 4510 660 4581; baseline 0.009 -15"><span class='ocrx_word' id='word_1_275' title='bbox 131 4510 247 4581; x_wconf 80' lang='lat' dir='ltr'>thought</span> <span class='ocrx_word' id='word_1_276' title='bbox 276 4519 346 4564; x_wconf 83' lang='lat' dir='ltr'>went</span> <span class='ocrx_word' id='word_1_277' title='bbox 375 4529 441 4565; x_wconf 85' lang='lat' dir='ltr'>eren</span> <span class='ocrx_word' id='word_1_278' title='bbox 470 4512 570 4570; x_wconf 80' lang='lat' dir='ltr'>further</span> <span class='ocrx_word' id='word_1_279' title='bbox 594 4516 660 4571; x_wconf 85' lang='lat' dir='ltr'>than</span> 
     </span>
    </p>
   </div>
   <div class='ocr_carea' id='block_1_5' title="bbox 0 0 1369 5226">
    <p class='ocr_par' dir='ltr' id='par_1_7' title="bbox 0 0 1369 5226">
     <span class='ocr_line' id='line_1_37' title="bbox 0 0 1369 5226; baseline 0 0"><span class='ocrx_word' id='word_1_280' title='bbox 0 0 1369 5226; x_wconf 95' lang='lat' dir='ltr'> </span> 
     </span>
    </p>
   </div>
  </div>
 </body>
</html>
