2708 5226
224 592 269 657 66
551 592 723 658 NOVUM
747 594 997 659 ORGANUM.

224 754 456 828 simultitudo
473 758 660 830 consentiat
677 766 708 829 et
725 756 950 853 comploudct.
1004 756 1088 830 Hoc
1109 759 1244 852 signum
1258 758 1306 853 igi·
1349 756 1351 769 '

226 886 286 944 tur
308 896 355 945 ex
377 875 606 945 aversissimis
623 887 688 945 est.
741 874 870 967 Itaque
887 876 1027 967 qnod
1000 897 1103 969 signa
1119 868 1351 946 ιθιίιιιιίιιι“

225 991 386 1062 sanitatis
415 990 718 1084 philosophiamm
747 1001 785 1062 et
819 992 1060 1076 scientiarum,
1090 993 1233 1084 quaein
1259 1012 1307 1061 ιιι
1349 1044 1351 1081 ,

225 1117 321 1189 sunt,
351 1106 445 1177 male
474 1129 512 1178 sc
539 1108 716 1192 habeant3
743 1109 817 1179 sive
846 1109 1032 1201 capiantur
1060 1131 1108 1181 ex
1139 1107 1351 1202 originibus
1349 1190 1351 1197 Ι

224 1224 389 1317 ipsmum,
414 1225 488 1294 sive
516 1246 562 1292 ex
590 1222 775 1307 fructibus,
800 1224 874 1294 sive
903 1246 950 1294 ex
979 1223 1274 1319 progressibus,
1252 1243 1309 1294 suc

224 1364 270 1412 ex
289 1341 568 1412 confessionibus
585 1349 782 1423 auctorum,
795 1342 870 1411 sive
886 1363 932 1411 ex
949 1363 1147 1425 consonam
1165 1343 1240 1434 jam
1254 1338 1310 1408 die

225 1467 302 1528 tum
322 1467 389 1528 est.

658 1555 880 1629 LXXVIII.

274 1652 359 1726 Jam
391 1679 473 1726 vero
504 1656 721 1755 veniendum
753 1657 799 1728 ad
833 1679 954 1729 causas
988 1679 1161 1741 errorum,
1190 1665 1227 1727 et
1253 1663 1312 1726 su

225 1773 403 1842 diuturnae
433 1773 471 1841 in
496 1771 566 1844 illis
591 1795 655 1863 per
680 1782 736 1845 tot
761 1774 880 1844 secula
905 1796 1034 1857 morae3
1062 1797 1144 1865 quae
1173 1772 1312 1868 plurime

225 1897 308 1957 sunt
326 1896 363 1957 et
381 1889 654 1979 potentissimae:
679 1897 720 1957 ut
737 1886 884 1959 tollatur
900 1889 1016 1959 omnis
1032 1888 1234 1971 admiratio,
1244 1887 1312 1966 hoc,

225 2026 305 2095 quae
327 2004 550 2089 adducimus,
567 2002 729 2074 homines
752 2002 936 2095 hucusque
960 2001 1107 2075 latuisse
1125 2004 1313 2098 attigisse

225 2130 264 2191 et
289 2130 432 2190 maneat
450 2129 592 2190 tantum
622 2119 817 2202 admiratio,
843 2118 905 2190 illa
933 2142 1027 2191 nunc
1052 2120 1202 2191 tandem
1226 2115 1314 2191 alicui

225 2235 430 2307 mortalium
460 2237 497 2305 in
527 2245 686 2306 mentem
713 2238 833 2307 venire
859 2238 1026 2329 potuisse,
1052 2246 1117 2308 aut
1147 2233 1316 2333 cogitatio·

225 2376 308 2425 nem
332 2354 528 2446 cujuspiam
552 2352 720 2423 subiisse:
747 2353 970 2445 quodetiam
988 2357 1130 2447 (utnos
1152 2354 1315 2426 existimu-

226 2482 319 2564 mus)
345 2470 525 2542 felicitatis
550 2472 663 2563 magis
688 2479 742 2539 est
767 2470 961 2561 cujusdam
988 2493 1096 2561 quam
1123 2467 1314 2543 excellentis

225 2588 374 2679 alicujus
391 2585 592 2669 facultatis3
620 2598 661 2655 ut
678 2588 796 2678 potius
818 2609 881 2678 pro
899 2588 1070 2679 temporis
1086 2595 1193 2681 partu
1210 2583 1313 2657 haberi

225 2704 366 2786 debeat,
384 2726 490 2796 quam
508 2724 572 2796 pro
590 2712 693 2796 partu
711 2700 886 2797 ingenii⁶¹.

277 2814 398 2886 Primo
416 2825 537 2886 autem
555 2825 611 2886 tot
628 2814 826 2887 seculorum
845 2838 1023 2897 numerus,
1038 2839 1123 2888 vere
1137 2838 1213 2887 rem
1228 2835 1316 2906 repn-

227 2933 329 3012 tanti,
357 2932 401 3001 ad
431 2955 576 3026 magnas
604 2932 783 3025 angustias
810 2932 948 3003 recidit.
1004 2932 1104 3003 Nam
1132 2955 1180 3004 ex
1207 2929 1315 3026 viginti

226 3050 384 3140 quinque
422 3071 595 3119 annorum
634 3048 814 3131 centuriis,
850 3049 885 3118 in
920 3049 1049 3142 quihus
1087 3050 1317 3121 memoriast

226 3163 387 3233 doctrina
425 3162 611 3233 hominum
651 3163 725 3232 fere
760 3172 929 3246 versatur,
963 3165 1024 3234 vix
1062 3187 1127 3237 sex
1163 3163 1317 3239 centuria

225 3279 348 3373 seponi
379 3290 416 3348 et
447 3278 589 3371 excerpi
625 3287 782 3371 possunt,
812 3301 890 3370 quae
923 3279 1153 3351 scientiarum
1187 3280 1316 3359 feracoe,

226 3418 394 3466 earumve
423 3404 572 3488 provent
557 3396 610 3465 tui
639 3394 746 3465 utiles
774 3392 965 3467 moruntffl.
1018 3397 1111 3468 Sunt
1137 3398 1236 3471 enim
1257 3416 1318 3467 non

261 3587 284 3628 ⁶¹
305 3588 355 3643 See
368 3585 506 3658 Playfair’s
521 3584 635 3639 Dissert
646 3583 756 3656 Encycl.
798 3602 872 3639 more
894 3587 1068 3644 successful
1060 3607 1090 3643 ιιι
1110 3589 1182 3646 their
1204 3586 1320 3663 studyoi

227 3665 294 3721 Brit.
308 3668 361 3721 vol
376 3665 398 3720 1.
424 3683 450 3736 p
463 3678 525 3734 453
572 3663 707 3735 Speuking
730 3662 761 3717 of
799 3663 931 3720 Nature?

226 3745 271 3799 the
296 3762 389 3799 causes
414 3743 444 3797 oi
469 3742 561 3796 iailure
587 3759 686 3813 among
713 3739 758 3795 the
836 3742 1046 3800 Howiarwesit
1061 3745 1318 3822 flumilttyusscus

227 3824 355 3887 ancients,
377 3822 412 3877 he
433 3839 503 3892 says,
523 3820 617 3874 “Men
637 3820 691 3875 had
710 3830 758 3875 not
797 3821 865 3876 have
884 3822 953 3894 said)
966 3823 1054 3878 which
1067 3824 1112 3881 led
1124 3825 1219 3883 Bsoon
1235 3837 1263 3884 to
1278 3824 1318 3882 oili

226 3901 351 3974 acquired
363 3901 409 3956 the
427 3917 516 3970 power
534 3916 597 3954 over
614 3897 672 3953 that
690 3899 758 3970 light
798 3899 928 3956 theNov.
943 3901 1031 3974 Org.⁴
1033 3909 1145 3974 ‘partus
1162 3904 1318 3979 temporist”

226 3981 268 4049 (oi
286 3980 452 4051 experience)
467 3976 554 4031 which
572 3994 633 4031 now
650 3978 757 4033 enables
798 3996 885 4033 -one
897 3981 1032 4037 recollecto
1043 3981 1122 4038 thet
1114 4001 1144 4038 tn
1154 3983 1200 4041 his

225 4058 339 4114 themto
352 4065 521 4112 concontrate
538 4056 572 4111 its
590 4057 691 4121 beams,
704 4057 758 4113 and
799 4055 864 4128 days
882 4057 916 4112 he
935 4061 1019 4130 spolie
1037 4061 1069 4116 oi
1088 4062 1161 4118 itas
1179 4063 1261 4120 the“
1268 4080 1317 4136 pet·

225 4145 254 4191 to
278 4137 314 4190 fix
338 4136 413 4190 them
437 4132 548 4205 steudily
570 4151 605 4189 on
627 4136 759 4191 whatever
798 4146 843 4192 tus
861 4138 989 4209 temporis
1002 4141 1318 4199 meme-withelee

226 4215 327 4286 objects
352 4214 415 4285 they
439 4211 539 4267 wished
569 4222 598 4268 to
628 4217 757 4271 examine
799 4233 885 4271 seems
904 4234 920 4271 a
942 4216 1065 4273 different
1085 4237 1164 4276 sense
1182 4221 1252 4277 hom
1270 4219 1317 4275 mo

226 4292 294 4348 This
319 4309 408 4364 power
431 4291 455 4346 is
472 4291 544 4345 what
567 4291 757 4364 distinguishes
798 4295 877 4367 given
898 4293 970 4352 hers.
1002 4296 1046 4352 cf.
1063 4298 1126 4354 infr.
1146 4297 1169 4354 L
1186 4317 1245 4356 ιιι.
1275 4298 1316 4353 8ου

226 4371 339 4427 modern
355 4371 483 4443 Physics;
502 4368 556 4424 and
575 4371 598 4424 is
615 4371 661 4426 the
679 4390 757 4429 cause
798 4374 854 4428 slso
865 4374 912 4428 the
924 4387 1153 4433 commenoement
1169 4379 1202 4434 ot
1215 4379 1259 4435 the
1270 4378 1314 4434 lte

226 4451 288 4522 why
316 4452 383 4506 later
419 4446 618 4518 Philosophers‚
644 4451 757 4507 without
798 4454 954 4509 dicauonto
968 4454 1156 4527 KingJemes.

225 4529 308 4603 being
336 4546 411 4584 more
433 4527 575 4600 ingenious
599 4527 664 4584 than
688 4532 757 4586 their
832 4530 859 4571 ⁰²
879 4531 953 4587 Duas
976 4540 1026 4590 not
1046 4534 1140 4591 Bacon
1159 4551 1260 4591 mmor
1274 4532 1311 4588 the

226 4608 418 4680 predecessore,
443 4607 510 4663 here
536 4604 604 4660 been
628 4607 757 4681 infinitely
797 4609 902 4682 periodo
931 4613 1098 4670 overmneht
1139 4613 1183 4670 He
1210 4614 1309 4686 nabo
