2708 5226
123 586 168 648 w
454 580 630 646 NOVUM
653 579 902 646 ORGANUM.

125 770 168 820 ao
184 747 328 818 interim
346 769 458 840 quum
478 748 573 818 inter
594 747 920 840 experimentomm
943 755 1065 829 sortes,
1081 746 1117 816 in
1131 769 1205 840 que-

125 865 208 935 dam
231 861 357 933 incidit
379 870 442 934 aut
467 863 543 955 ipsa
567 862 659 934 facie
679 886 780 945 nova,
799 871 863 935 aut
883 862 1043 935 utilitate
1059 886 1127 933 non
1141 885 1206 932 eon

126 979 339 1063 temnends3
365 979 569 1071 hujusmodi
586 979 792 1072 pignoribus
807 980 969 1050 animum
982 980 1105 1072 pascit,
1115 1000 1208 1070 eaque

126 1097 164 1166 in
189 1096 303 1188 majus
327 1103 485 1166 ostentat
510 1102 549 1165 et
574 1093 750 1166 celebrat:
787 1093 927 1186 reliqua
952 1117 1017 1188 spe
1043 1104 1208 1167 sustentat

127 1210 259 1305 Neque
284 1222 406 1283 tamen
432 1211 636 1305 negandum
658 1208 760 1293 estffl,
777 1211 1005 1282 elohemistus
1025 1234 1096 1283 non
1119 1231 1212 1304 pauor

125 1330 309 1412 invenisse,
323 1338 361 1399 et
379 1328 533 1398 inventis
551 1327 703 1398 utilibus
718 1326 880 1399 homines
896 1328 1058 1399 donasse.
1093 1327 1213 1399 Verun

127 1443 248 1516 fabula
270 1443 332 1515 illa
354 1465 426 1514 non
450 1443 545 1513 male
568 1444 606 1512 in
628 1441 708 1514 illos
725 1443 874 1536 quadrat
892 1443 938 1514 de
955 1465 1054 1528 sene,
1069 1443 1130 1535 qni
1148 1440 1214 1512 lili's

125 1581 252 1631 surum
278 1560 316 1629 in
338 1561 443 1629 vinea
465 1559 644 1631 defossum
664 1561 741 1652 (sed
762 1560 882 1630 locum
904 1582 944 1631 se
967 1560 1104 1632 nesoiro
1123 1560 1215 1631 aimu-

127 1675 218 1769 lans)
236 1676 417 1770 legaverit,
436 1676 532 1746 unde
555 1674 607 1746 illi
629 1677 741 1748 rineoe
766 1676 942 1748 fodiendae
966 1676 1157 1771 diligenter
1173 1676 1216 1745 iu·

126 1793 337 1874 cubuerunt,
367 1800 406 1862 et
435 1814 561 1864 aurum
594 1792 739 1883 quidem
772 1791 914 1863 nullum
947 1802 1141 1886 repertum,
1165 1791 1216 1862 sed

127 1908 305 1978 vindemie
322 1931 369 1979 ex
386 1930 430 1979 ea
446 1907 585 1979 cultura
603 1907 698 1979 iacta
714 1918 769 1980 est
785 1907 937 1979 uberior.

178 2023 233 2094 At
255 2023 425 2095 naturalis
448 2024 577 2118 magiae
597 2024 763 2107 cultores,
781 2025 842 2116 qui
863 2045 927 2116 per
947 2047 1071 2097 rerum
1092 2046 1217 2119 symps-

128 2136 260 2212 tlries⁸⁸
280 2141 400 2211 omnio
423 2139 632 2232 expediunt,
650 2162 697 2210 ex
714 2140 927 2232 conjecturis
942 2142 1069 2212 otiosis
1084 2150 1124 2212 et
1138 2138 1219 2232 supi·

127 2256 279 2327 nissimis
291 2256 396 2327 rebus
409 2256 560 2326 virtutes
571 2264 610 2325 et
625 2256 850 2348 operationes
866 2256 1094 2329 admirabiles
1109 2255 1222 2329 affinx-

127 2384 249 2457 emnt3
269 2383 377 2465 atque
394 2373 423 2443 si
440 2372 583 2464 quando
600 2393 708 2465 opera
724 2371 963 2456 exhibuerint,
977 2396 1022 2445 es
1037 2373 1133 2446 illins
1147 2382 1222 2446 suut

128 2491 278 2584 generis,
309 2500 350 2559 ut
383 2488 427 2559 ad
463 2488 733 2560 admirationem
766 2499 806 2560 et
839 2491 1050 2577 novitatem,
1082 2513 1153 2563 non
1183 2488 1221 2560 ad

130 2608 286 2677 fructum
305 2616 343 2676 et
361 2603 565 2687 utilitatem,
583 2606 850 2675 accommodata
866 2607 947 2676 sint.

180 2721 224 2792 ln
242 2721 486 2815 superstitiosa
501 2730 623 2791 autem
645 2723 761 2815 magia
779 2720 822 2809 (si
839 2722 941 2793 etde
957 2720 1026 2793 hao
1042 2722 1223 2794 dioendnru

130 2839 192 2930 sit)
215 2837 304 2908 illud
331 2837 491 2929 inprimis
515 2837 870 2908 animadvertendum
893 2846 960 2920 est,
978 2861 1056 2911 esse
1077 2849 1225 2910 tantum·

130 2958 237 3028 modo
265 2956 353 3026 certi
384 2955 566 3046 eujusdam
595 2963 633 3024 et
662 2953 798 3025 definiti
828 2957 970 3049 generis
999 2957 1169 3049 subjecta,
1193 2958 1225 3025 in

133 3074 262 3167 quibus
286 3082 382 3143 artes
409 3072 554 3141 curiosae
581 3079 619 3142 et
645 3071 908 3162 superstitiose,
934 3094 999 3162 per
1024 3095 1150 3144 omnes
1172 3095 1227 3143 na·

131 3192 258 3272 tiones,
287 3198 396 3281 etque
428 3196 560 3270 aetates,
590 3196 698 3280 atque
727 3188 837 3258 etiem
871 3186 1070 3281 religiones,
1100 3190 1226 3284 aliquid

131 3307 315 3400 potuerint
344 3316 407 3375 aut
438 3304 596 3375 luserint.
660 3304 788 3396 Itaque
820 3304 889 3375 ista
916 3305 1024 3375 missa
1054 3307 1227 3379 faciamus.

133 3424 284 3494 Interim
307 3422 358 3492 nil
379 3423 509 3492 mimm
533 3431 597 3505 est,
614 3422 642 3491 si
666 3421 786 3514 opinio
809 3422 918 3514 oopiae
943 3445 1088 3494 oausam
1109 3425 1228 3518 inopie

131 3539 281 3611 dederit.

572 3643 792 3716 LXXXVI.

182 3765 306 3857 Atque
329 3763 513 3833 hominum
538 3761 774 3846 admirationi,
791 3761 907 3852 quoed
929 3762 1108 3834 doctrinas
1129 3773 1167 3832 et
1182 3785 1229 3833 ar·

134 3893 198 3963 tes,
215 3905 278 3974 per
294 3903 332 3951 se
348 3881 433 3951 satis
454 3879 603 3972 simplici
626 3889 664 3950 et
686 3900 795 3972 prope
818 3877 955 3970 puerili,
973 3879 1228 3951 incrementum

133 4000 280 4069 accessit
296 3997 341 4068 ab
359 4019 482 4068 eorum
502 4007 583 4067 estu
607 4007 645 4068 et
668 3996 827 4078 artifieio,
844 3996 906 4088 qui
923 3997 1089 4068 soienties
1106 4004 1229 4068 tracta·

134 4123 264 4186 verunt
281 4122 318 4183 et
336 4112 567 4184 tradiderunt.
616 4112 674 4183 Illi
693 4113 788 4183 enim
806 4134 849 4183 eu
866 4112 1060 4184 ambitione
1076 4123 1116 4184 et
1132 4112 1229 4184 affec·

136 4231 272 4302 tatione
288 4252 346 4299 eas
365 4239 576 4321 proponunt,
589 4240 698 4324 atque
714 4231 751 4301 in
766 4252 848 4301 eum
862 4229 1009 4301 modum
1022 4228 1227 4309 efformatus,

168 4463 193 4504 ⁸⁷
212 4462 254 4519 cf.
268 4477 342 4530 supr.
356 4459 378 4514 l.
390 4473 432 4531 73.
704 4464 723 4490 “
735 4467 847 4514 consent
867 4459 899 4514 ol
916 4458 1043 4514 Natura”
1064 4459 1088 4514 is
1108 4459 1185 4530 given
1204 4464 1226 4509 al

168 4538 380 4616 semellia.-
401 4538 435 4593 ol.
451 4537 513 4593 inlr.
528 4536 565 4593 11.
578 4552 621 4606 50.
635 4538 662 4605 6,
701 4537 804 4611 length.

132 4625 218 4682 where
242 4618 359 4679 Bacon's
387 4634 447 4673 orm
471 4617 538 4672 viar
560 4617 591 4672 oi
617 4617 662 4672 the
