2708 5226
539 544 628 609 um.
647 544 675 610 1.
692 561 745 630 45,
760 547 813 626 4⁶.
1185 549 1227 610 as

122 735 196 782 cum
224 712 382 804 reliquis
408 710 529 793 tribus,
556 734 636 802 quae
662 710 897 801 subjiciuntur
922 711 1048 780 sensui.
1102 710 1224 782 Etiam

121 827 310 900 elementis
332 827 432 919 (quae
450 826 591 917 vocant)
612 826 806 917 imponitur
825 827 869 896 ad
892 827 1059 918 placitum
1079 827 1229 920 decupla

122 945 304 1036 proportio
333 964 501 1013 excessus
528 943 564 1010 in
591 942 735 1010 raritate
763 942 805 1011 ad
837 942 1011 1028 invicem;
1046 954 1084 1013 et
1109 944 1227 1036 hujus·

122 1061 215 1131 modi
233 1060 388 1130 somnia.
430 1057 559 1150 Neque
576 1058 713 1127 vanitas
731 1058 799 1127 ista
816 1065 955 1127 tanturn
977 1058 1070 1128 valet
1089 1060 1124 1128 in
1143 1062 1228 1153 ‹log-

122 1176 288 1258 matibus,
308 1176 561 1245 verumetiam
579 1174 615 1242 in
635 1173 840 1242 notionibus
857 1171 1083 1265 simplicibus.

608 1342 748 1414 XLVI.

173 1442 392 1516 Intellectus
422 1442 596 1513 humanus
626 1444 662 1511 in
692 1443 735 1512 iis
763 1466 841 1534 quae
868 1443 976 1516 semel
1006 1445 1227 1536 placuerunt,

127 1563 203 1651 (aut
225 1562 315 1653 quia
336 1567 481 1650 recepta
505 1568 587 1630 sunt
614 1568 652 1629 et
673 1560 816 1643 credita,
835 1569 899 1630 aut
920 1562 1003 1652 quia
1029 1561 1225 1654 delectant)

126 1679 193 1749 alia
209 1679 320 1748 etiam
342 1676 462 1745 omnia
479 1675 587 1745 trahit
604 1674 649 1745 ad
667 1674 954 1769 suffragationem
969 1687 1006 1747 et
1019 1702 1229 1748 consensum

128 1816 206 1864 curn
232 1792 325 1863 illis:
358 1799 397 1862 et
419 1791 502 1860 lieet
525 1791 637 1882 major
658 1791 705 1860 sit
728 1791 973 1862 instantiarum
991 1794 1043 1863 vis
1064 1804 1102 1864 et
1119 1797 1230 1887 copia,

128 1931 206 2001 qnae
241 1915 437 1978 occurrunt
470 1907 505 1976 in
540 1907 777 1999 eontrarium3
816 1916 936 1977 tamen
971 1933 1030 1979 eas
1064 1920 1127 1980 aut
1159 1935 1231 1983 non

129 2025 304 2106 observat,
330 2032 395 2094 aut
424 2024 632 2104 contemnit,
660 2031 723 2093 aut
751 2023 1002 2117 distinguendo
1030 2041 1231 2097 summovet

130 2152 166 2213 et
181 2143 309 2234 rejicit,
327 2163 400 2211 non
420 2141 495 2211 sino
510 2163 640 2233 magno
658 2149 696 2211 et
713 2141 908 2232 pernicioso
926 2142 1141 2234 praejudicio,
1160 2167 1231 2235 quo

131 2258 306 2350 prioribus
323 2255 395 2326 illis
412 2255 620 2349 syllepsibus
637 2256 828 2326 auctoritas
848 2266 990 2326 maneat
1014 2258 1184 2328 inviolata
1193 2258 1232 2328 ⁴⁹.

130 2374 259 2466 ltaque
280 2382 381 2444 recte
404 2373 586 2464 respondit
608 2371 669 2442 ille
679 2369 716 2452 ⁵⁰,
735 2372 808 2462 qui,
826 2393 908 2440 curn
926 2394 1094 2464 suspensa
1111 2375 1232 2446 tabula

129 2492 163 2560 in
188 2489 329 2584 templo
356 2489 389 2559 el
414 2497 672 2559 monstraretur
697 2510 832 2570 eorum,
850 2488 910 2579 qui
936 2498 1019 2559 vota
1043 2490 1232 2576 solverant,

129 2608 225 2700 quod
251 2605 426 2698 naufragii
451 2602 607 2696 periculo
629 2602 737 2694 elapsi
758 2602 838 2685 sint,
856 2613 965 2696 atque
983 2607 1232 2702 interrogando

128 2732 363 2817 premeretur,
377 2744 469 2791 anne
487 2728 564 2788 tum
580 2720 723 2810 quidem
739 2717 898 2790 Deorum
917 2745 1048 2792 numen
1066 2747 1233 2818 agnosce·

127 2851 195 2925 ret,
221 2838 386 2931 quaesivit
415 2838 545 2917 denuo,
571 2834 623 2905 At
650 2832 709 2905 oti
731 2844 812 2906 cunt
840 2834 895 2907 illi
921 2836 1047 2933 depicti
1072 2842 1134 2936 qui
1154 2853 1234 2936 post

127 2965 207 3028 eota
230 2961 428 3048 noncupato
448 2951 654 3046 perierint?
689 2951 825 3022 Eadem
847 2955 936 3024 ratio
954 2966 1008 3026 est
1027 2957 1101 3029 sero
1119 2961 1234 3030 onmis

127 3070 390 3165 superstitionis
399 3065 437 3152 ⁵¹,
457 3078 497 3138 ut
514 3069 551 3137 in
569 3067 796 3162 astrologicis,
815 3071 849 3138 in
875 3072 1027 3155 somniis,
1046 3074 1234 3157 ominibus,

128 3187 344 3270 nemesibus,
362 3194 400 3256 et
417 3185 640 3277 hujusmodi3
669 3186 705 3253 in
729 3185 858 3275 quibus
881 3187 1043 3259 homines
1067 3191 1234 3262 delectati

128 3303 335 3398 hujusmodi
359 3301 575 3371 vanitatibus
599 3300 789 3370 advertunt
815 3314 972 3387 eventus,
997 3305 1057 3375 ubi
1085 3306 1235 3397 implen-

131 3430 216 3504 tur;
252 3427 307 3490 ast
339 3418 399 3488 ubi
430 3416 569 3499 fallunt,
600 3416 685 3487 lieet
712 3416 827 3486 multo
858 3419 1085 3510 frequentius,
1115 3429 1235 3492 tamen

167 3629 194 3668 ⁴⁹
208 3629 275 3684 'l'his
285 3629 477 3698 disingenuous
489 3626 665 3681 behaviouris
707 3636 735 3681 to
751 3627 853 3697 neglect
871 3628 916 3682 the
927 3628 1014 3684 Truth
1028 3630 1086 3684 that
1099 3630 1160 3685 God
1173 3631 1236 3688 does

132 3708 341 3762 ascommmrin
354 3705 664 3777 Philosophyasiulile:
707 3715 755 3758 not
779 3715 856 3775 grant
878 3725 954 3778 every
975 3724 1085 3779 prayer3
1115 3710 1173 3765 that
1194 3713 1237 3767 lle

132 3786 186 3841 and
208 3804 239 3840 so
260 3785 314 3840 this
335 3786 391 3838 also
414 3784 536 3838 tranche·
561 3801 597 3837 on
621 3784 666 3837 the
707 3785 779 3838 osten
797 3794 853 3839 aete
870 3786 970 3858 rightly
987 3788 1028 3841 for
1046 3805 1088 3853 us,
1103 3789 1180 3845 when
1199 3809 1237 3845 wo

132 3872 151 3895 ⁴‘
166 3864 242 3919 ldola
253 3863 390 3918 Theatri.'’
708 3880 773 3933 pray
784 3865 904 3934 wrongly
916 3865 957 3919 sor
969 3868 1112 3922 ourselves.

168 3943 194 3982 ⁶⁰
215 3943 346 4011 Diagoras
375 3941 421 3995 tho
448 3940 562 3996 Atheist.
605 3941 665 3995 Ari·
743 3940 765 3978 ⁶¹
792 3941 977 4011 Superstition,
1002 3945 1103 4015 arising
1127 3948 1196 4002 from
1222 3967 1238 4003 a

133 4021 223 4092 steph.
240 4020 308 4074 Rau·
325 4036 403 4090 geo:
429 4019 463 4074 el.
482 4021 539 4074 also
558 4019 614 4074 Cio.
633 4019 666 4074 de
708 4037 800 4091 wrong
820 4022 887 4075 view
907 4023 948 4091 (1)
970 4023 1001 4077 ot'
1018 4023 1103 4078 God’s
1124 4044 1237 4096 govern-

134 4100 198 4154 Nat.
213 4099 294 4152 Deor.
307 4099 343 4152 iii.
356 4115 401 4169 37,
414 4099 500 4153 where
518 4098 572 4152 this
588 4116 665 4152 anec-
707 4110 788 4163 ment,
812 4101 853 4169 (a)
878 4101 908 4154 oi
934 4101 979 4155 the
1005 4101 1185 4158 constitution
1210 4106 1241 4160 οἰ

133 4178 197 4232 dote
222 4178 245 4231 is
272 4176 381 4231 related.
426 4177 546 4247 Religion
571 4177 666 4231 suffers
709 4178 811 4232 Nature
828 4196 858 4232 as
875 4178 925 4234 His
940 4181 1022 4234 work.
1058 4182 1117 4235 'lhe
1135 4184 1238 4255 subject

133 4265 206 4311 most
223 4255 293 4309 lrom
313 4255 359 4309 the
378 4255 442 4309 salso
461 4254 566 4324 ground
586 4256 666 4309 taken
707 4257 729 4310 is
745 4257 844 4311 treated
863 4266 889 4311 at
907 4268 1009 4329 greater
1028 4260 1121 4330 length
1138 4262 1200 4315 intr.
1215 4261 1237 4314 l.

133 4336 168 4408 by
181 4336 215 4390 its
229 4342 393 4404 supportcrs.
430 4332 492 4386 And
508 4350 538 4386 so
553 4334 620 4387 such
632 4351 666 4386 an
708 4334 751 4405 65.
764 4334 816 4390 and
829 4336 871 4406 89.

133 4415 225 4484 appeal
245 4423 274 4467 to
293 4412 341 4466 the
360 4411 466 4466 Atheist
484 4410 570 4465 failed.
609 4411 667 4466 The
744 4414 795 4470 For
804 4414 849 4468 tho
859 4415 980 4486 question
989 4416 1019 4470 oi
1027 4415 1142 4470 Bacon's
1152 4415 1237 4477 heliel,

135 4509 206 4546 error
221 4494 265 4562 lay
278 4491 306 4543 in
319 4489 380 4545 that
394 4488 537 4544 leebleness
556 4490 587 4543 ol
601 4491 666 4546 saith
708 4510 738 4546 so
747 4494 874 4564 violently
883 4493 1028 4564 irnpugned
1038 4495 1118 4566 byLe
1127 4494 1238 4546 Maistrc

135 4587 232 4642 aarong
245 4570 291 4623 the
303 4569 440 4630 Ancients,
449 4567 536 4622 which
549 4567 591 4621 led
605 4586 666 4624 men
708 4574 760 4628 aud
774 4572 872 4634 others,
885 4589 927 4626 see
940 4572 1081 4642 Appendir
1095 4571 1126 4624 C.
