2708 5226
132 581 176 648 74
461 578 635 644 NOVUM
659 578 906 646 ORGANUM.

131 752 271 814 matum
305 744 508 836 primorum,
538 743 584 814 ad
614 743 733 826 fidem,
763 752 802 815 et
829 743 943 815 veluti
974 754 1209 816 sacramentum

130 860 278 932 cuilibet
294 861 362 932 erti
380 862 630 953 prestandum,
647 862 832 932 notissimo
848 883 1018 956 responso
1033 863 1152 955 rejicit

181 977 310 1048 Restat
335 978 555 1070 experientia
579 973 729 1048 meran:
756 1000 844 1069 quer,
869 977 899 1048 si
923 988 1096 1064 occurrat,
1110 1001 1215 1061 cesum

130 1093 159 1164 si
183 1095 330 1185 quesita
352 1094 410 1173 sit,
427 1092 713 1184 experimentum
739 1093 953 1164 nominatur.
1007 1092 1088 1165 Hoc
1110 1104 1217 1165 autem

130 1209 360 1300 experientiae
389 1229 503 1301 genus
529 1207 619 1278 nihil
649 1206 744 1278 eliud
772 1217 839 1293 est,
856 1231 964 1301 quam
983 1209 1093 1301 (quod
1117 1210 1217 1300 aium)

129 1345 242 1417 scopae
277 1321 499 1407 dissolutaelt,
532 1333 571 1394 et
609 1346 708 1395 mera
741 1324 909 1417 palpatio,
944 1325 1041 1418 quali
1075 1325 1219 1396 homines

129 1450 240 1511 noctu
265 1449 425 1523 utuntur,
450 1441 569 1510 omnia
592 1440 840 1533 pertentando,
863 1443 893 1511 si
919 1442 1014 1512 forte
1039 1442 1077 1511 in
1101 1451 1219 1514 rectam

131 1559 224 1628 viam
241 1557 398 1629 incidere
415 1556 540 1639 detur;
565 1557 695 1649 quibus
718 1554 835 1627 multo
858 1557 969 1628 satius
985 1566 1025 1629 et
1041 1556 1221 1629 consultius

130 1673 232 1755 foret,
259 1673 354 1743 diem
380 1672 582 1764 praestolari,
606 1682 670 1742 aut
695 1672 817 1742 lumeu
843 1673 1050 1757 appendere,
1072 1683 1112 1746 et
1135 1674 1223 1744 dein·

129 1811 213 1881 ceps
238 1788 330 1859 viam
361 1789 463 1860 inire.
514 1787 567 1858 At
595 1798 729 1872 contra,
756 1810 861 1860 verus
889 1790 1121 1882 experientia
1148 1789 1223 1860 ordo

130 1906 243 1999 primo
264 1903 386 1976 lumen
411 1904 585 1987 accendit,
604 1904 734 1975 deinde
760 1926 824 1997 per
848 1904 970 1976 lumen
997 1907 1068 1976 iter
1089 1905 1224 1978 demon·

130 2030 230 2106 strat,
249 2022 451 2114 incipiendo
467 2022 514 2093 ab
537 2022 760 2114 experientia
783 2021 949 2094 ordinata
970 2032 1010 2094 et
1032 2023 1177 2117 digesta
1192 2030 1224 2093 ct

128 2140 277 2209 minime
293 2136 535 2233 praepostera⁷⁴
547 2147 610 2209 aut
627 2139 788 2221 erratice,
800 2149 909 2231 atque
927 2163 973 2211 ex
990 2164 1035 2211 ea
1050 2139 1224 2213 educendo

128 2258 320 2337 axiomata,
337 2265 447 2349 atque
469 2278 516 2327 ex
539 2255 777 2326 axiomatibus
797 2257 1003 2328 constitutis
1026 2280 1146 2329 rursus
1169 2280 1225 2329 ex·

127 2376 327 2468 perimente
349 2396 451 2456 nove,
468 2396 577 2464 quum
606 2394 672 2443 nec
688 2373 837 2443 verbum
863 2372 1024 2444 divinum
1052 2375 1089 2444 in
1114 2397 1226 2445 rerum

127 2514 277 2562 massam
295 2490 429 2581 absque
446 2489 569 2560 ordine
586 2496 770 2582 operatum
789 2488 845 2558 sit.

179 2604 307 2696 Itaque
324 2607 488 2676 desinant
509 2605 671 2675 homines
693 2603 823 2687 mirari,
839 2605 868 2674 si
892 2605 1046 2697 spatium
1072 2608 1227 2677 scientia·

128 2744 207 2791 rum
225 2745 297 2793 non
311 2724 516 2794 confectum
533 2723 687 2804 situum
704 2722 797 2791 avia
813 2723 959 2792 omnino
976 2723 1226 2805 aberraverint

127 2839 252 2910 relicta
269 2863 410 2933 prorsus
427 2849 465 2911 et
482 2840 623 2910 deserta
643 2839 875 2930 experientia,
892 2848 956 2909 aut
982 2841 1019 2909 in
1045 2841 1124 2932 ipse
1139 2845 1225 2929 (tan-

129 2979 234 3047 quam
258 2959 294 3026 in
318 2957 535 3050 labyrintho)
552 2979 590 3027 se
613 2954 822 3037 intricando,
840 2964 879 3026 et
902 2957 1225 3041 circumcursand03

129 3095 210 3143 cum
240 3075 307 3143 rite
337 3076 523 3143 institutus
550 3073 636 3142 ordo
667 3092 730 3163 per
761 3071 990 3163 experientiae
1017 3070 1165 3167 sylvas⁷⁵
1187 3075 1226 3144 ad

128 3199 252 3282 aperta
268 3192 488 3260 axiomatum
506 3190 650 3259 tramite
667 3187 846 3257 constanti
864 3187 982 3257 ducat.

163 3429 319 3503 ⁷²(3)'1'hie
332 3450 412 3495 error,
421 3432 451 3487 ol
460 3431 606 3503 disorderly
613 3449 658 3486 ex·
699 3427 755 3483 vidi
771 3428 1012 3484 Minturnis—non
1031 3429 1169 3487 hominem
1188 3430 1230 3487 sed

127 3511 255 3580 perimes,
278 3511 406 3584 probably
424 3512 448 3567 is
472 3522 521 3583 put
544 3511 606 3566 here
629 3528 658 3564 as
698 3507 973 3579 medemnas?
986 3507 1031 3562 Ad
1045 3510 1189 3583 Att.7.13.
1207 3510 1231 3565 lt

127 3591 232 3660 against
262 3592 412 3645 Aristotle's
445 3590 597 3645 collectione
631 3589 663 3644 of
700 3587 722 3640 is
734 3584 800 3640 used
813 3586 844 3639 ol
853 3603 906 3658 any
914 3604 966 3641 one
977 3604 1009 3640 or
1020 3588 1229 3661 anythingvrin

127 3667 193 3722 lects
206 3670 234 3723 in
247 3669 360 3724 Natural
373 3670 492 3740 History.
521 3669 658 3723 Butilwe
698 3664 825 3719 orlutile.
846 3664 1230 3738 Hereolexperimeutsbesp·

129 3748 190 3800 take
206 3747 320 3803 Baccn's
338 3748 419 3821 Sylva
436 3747 578 3820 Sylvarum
595 3765 624 3803 as
642 3767 658 3802 a
698 3742 731 3798 ed
749 3741 871 3813 together
882 3743 995 3798 without
1013 3762 1067 3818 any
1079 3747 1167 3812 order,
1176 3748 1231 3819 just

127 3825 260 3895 specimen
279 3827 310 3881 of
324 3828 366 3881 lis
381 3829 448 3899 style
465 3828 496 3882 ol
511 3827 657 3891 collection,
698 3821 930 3893 likethetwigsol
939 3822 1118 3880 euunbouud
1130 3825 1228 3880 beon.

127 3902 198 3957 what
209 3904 288 3959 order
298 3906 322 3959 is
333 3905 408 3960 there
419 3924 484 3961 eren
500 3906 657 3962 inhisowu
700 3900 927 3964 Cl'.l.101‚102·
966 3901 992 3956 lt
1009 3902 1229 3975 probsblyusn

126 3984 294 4055 catalogues?
698 3980 810 4036 edesion
818 3979 1230 4051 toAEsop'elableolthebundle

162 4060 188 4101 ⁷³
200 4061 487 4132 “eeopoedissolutae.”
505 4064 657 4119 'I'hetrann-
697 4059 728 4113 ol
737 4059 830 4113 sticho.

125 4133 206 4187 latore
236 4132 303 4187 have
333 4133 432 4187 miesed
457 4133 502 4188 the
532 4135 657 4205 meaning
733 4136 758 4178 ⁷⁴
771 4135 1228 4211 “praepostera'’dorrpmpdrrpoe,

125 4210 197 4265 here.
235 4210 295 4265 One
312 4212 536 4268 translates—but
548 4213 619 4268 what
636 4214 657 4268 it
696 4217 714 4270 i.
723 4234 746 4270 e.
756 4214 868 4285 making
875 4233 914 4286 up
925 4216 1002 4271 one’s
1014 4217 1090 4272 mind
1103 4217 1228 4283 fintand

126 4306 218 4344 means
233 4289 257 4343 ie
273 4308 289 4343 e
306 4297 481 4362 mystery—“
493 4291 619 4363 shooting
630 4301 657 4347 et
698 4293 801 4364 finding
813 4295 947 4364 exemplos
958 4303 987 4349 to
998 4295 1054 4349 suit
1063 4296 1222 4352 ahmardn

125 4369 245 4423 rovers.''
299 4367 389 4423 Wood
421 4369 470 4424 has
503 4376 552 4424 “a
584 4372 657 4428 loose
733 4370 1226 4448 ⁷³Becouisl'ondolthiebdetspbor.

125 4447 199 4519 fngot
207 4449 235 4502 :”
254 4446 351 4512 which,
363 4447 467 4521 though
486 4458 535 4503 not
553 4468 655 4523 wrong,
698 4452 725 4506 lt
736 4451 759 4505 is
771 4451 835 4521 only
847 4452 934 4522 partly
945 4451 1028 4521 good.
1058 4452 1119 4508 The
1130 4455 1227 4527 ungle-

125 4528 148 4582 is
160 4537 208 4583 nct
219 4528 333 4600 explicit
361 4528 386 4583 lt
398 4529 421 4582 is
433 4547 449 4582 a
460 4529 655 4600 proverb-Ci-
696 4527 1224 4604 woodandthiolrtreesospethlessexpr·

125 4605 508 4672 enumerares-esuum.
522 4607 654 4664 Cesaram
695 4610 784 4665 rienes
799 4607 1036 4681 unmenged-so
1052 4609 1093 4666 iar
1107 4612 1143 4667 all
1156 4611 1224 4667 well:
