2708 5226
127 515 192 577 248
461 511 636 579 NOVUM
659 512 907 579 ORGANUM.

125 701 202 751 esse
219 680 489 772 expectandam,
506 680 574 750 nisi
591 678 772 751 allamma
790 677 942 771 alicujus
958 677 1224 771 profunditatis:

126 817 210 864 nem
227 793 333 865 sliter
347 795 463 888 vergit
478 795 523 866 sd
541 795 769 888 diophunum.
812 794 896 866 Hoc
912 802 1040 866 eutem
1057 817 1124 888 pro
1140 802 1225 865 certo

126 910 341 1004 ponendum,
360 909 477 980 lucem
499 933 641 1005 semper
656 912 694 981 in
711 933 857 1004 corpore
880 909 1010 1002 oequeli
1037 918 1104 981 eut
1120 912 1224 1002 excipi

130 1037 169 1097 et
186 1028 392 1110 transmitti,
409 1034 473 1099 eut
489 1026 635 1099 resilire.

179 1139 246 1232 (6.)
263 1140 446 1227 Similiter,
460 1145 507 1214 sit
523 1152 650 1214 notura
665 1142 846 1235 inquisite,
856 1149 979 1213 motus
995 1138 1225 1228 missilium¹⁹;

129 1257 240 1329 veluti
266 1258 492 1351 spiculorum,
510 1262 731 1354 sagittarum,
747 1257 987 1353 globulorum,
1014 1282 1081 1352 per
1105 1261 1225 1330 obrem.

129 1371 240 1444 Hunc
264 1382 403 1446 motum
429 1374 549 1446 schole
568 1376 683 1467 (more
699 1376 778 1465 suo)
798 1373 903 1444 valde
928 1373 1157 1468 negligenter
1171 1396 1227 1445 ex·

127 1489 249 1583 pedit;
275 1490 527 1572 satishobens,
553 1492 692 1562 sicum
719 1491 864 1561 nomine
890 1498 1012 1560 motus
1039 1489 1185 1561 violenti
1207 1513 1226 1560 u

128 1603 281 1675 naturali
300 1608 421 1698 (quem
439 1610 582 1700 vocent)
600 1606 817 1698 distinguet3
843 1611 881 1675 et
899 1604 995 1697 quod
1018 1604 1066 1675 cd
1083 1606 1226 1697 primum

128 1721 388 1812 percussionem
407 1723 481 1792 sive
497 1720 747 1813 impulsionem
772 1720 916 1801 attinet,
932 1742 999 1812 per
1015 1718 1108 1791 illud
1125 1720 1226 1812 (quod

128 1832 197 1904 duo
222 1857 367 1930 empore
392 1859 461 1907 nen
480 1833 617 1932 possint
638 1859 709 1908 csse
731 1837 770 1907 in
788 1859 856 1908 unc
872 1833 959 1918 loco,
977 1858 1023 1907 cc
1036 1835 1110 1930 fiat
1128 1859 1225 1932 pene·

129 1951 235 2021 trotio
264 1948 531 2046 dimersionem)
561 1954 628 2025 sibi
658 1954 877 2037 satisfaciet;
911 1961 950 2024 et
984 1953 1033 2024 de
1067 1976 1224 2048 processu

129 2068 338 2139 continuato
355 2069 457 2140 istius
474 2078 593 2141 motus
610 2069 697 2140 nihil
717 2078 830 2141 curet.
880 2067 934 2139 At
951 2069 1047 2140 circu
1064 2070 1157 2141 hunc
1172 2092 1226 2139 ns·

130 2191 246 2254 turem
272 2184 406 2255 bivium
425 2195 481 2257 est
497 2186 592 2257 tsle:
618 2195 683 2257 cut
699 2188 768 2260 iste
793 2194 912 2256 motus
936 2184 979 2255 lit
1003 2185 1052 2257 ub
1078 2187 1226 2272 uere-ve-

128 2297 248 2383 hente,
273 2310 313 2373 et
340 2324 433 2395 poue
462 2325 590 2396 corpus
619 2303 788 2374 emissum
817 2323 856 2372 se
886 2299 1096 2396 colligente,
1126 2303 1226 2373 inetur

129 2413 227 2487 fluvii
253 2440 338 2511 erga
363 2419 541 2513 scapham,
559 2428 623 2491 sut
640 2420 739 2491 venti
758 2442 841 2514 ergu
866 2417 1012 2512 peleus3
1039 2429 1105 2490 eut
1120 2442 1144 2491 o
1158 2442 1226 2512 per·

129 2533 226 2602 tibus
255 2535 363 2627 ipsius
392 2536 546 2629 corporis
571 2558 644 2605 non
668 2535 926 2606 sustinentibus
953 2535 1223 2627 impressionem,

128 2649 189 2719 sed
208 2651 252 2720 ad
272 2652 422 2722 eandem
449 2652 639 2722 laxandam
661 2676 724 2745 per
740 2652 1002 2723 successionem
1029 2674 1069 2722 ee
1096 2675 1225 2746 promo·

130 2767 304 2838 ventibus.
357 2766 481 2861 Atque
508 2768 659 2860 priorem
678 2767 780 2837 illum
802 2769 929 2860 recipit
949 2764 1224 2850 Fmeastcriusffl,

129 2889 168 2949 et
185 2881 260 2951 fere
278 2907 401 2954 omnes
419 2886 479 2977 qui
498 2885 543 2954 de
566 2883 634 2953 hoc
650 2892 752 2953 motu
770 2882 875 2976 paulo
894 2882 1065 2954 subtilius
1091 2884 1225 2976 inquisi-

129 3008 271 3069 verunt:
290 3022 406 3092 neque
424 3000 572 3070 dubium
590 3008 655 3080 est,
673 3001 759 3091 quin
778 3001 848 3070 sint
864 3000 954 3069 elisis
972 3008 1095 3092 partes
1114 3003 1152 3071 in
1168 3000 1224 3070 bec

128 3136 167 3182 re
184 3115 380 3198 nonnullae3
408 3116 470 3186 sed
487 3115 578 3186 alter
596 3126 714 3187 motus
731 3115 964 3209 proculdubio
983 3138 1090 3187 verus
1111 3126 1175 3199 est,
1191 3123 1224 3185 ut

129 3253 173 3300 ex
200 3232 348 3302 infinitis
378 3240 517 3304 constet
544 3234 808 3325 experimentis.
860 3231 932 3302 Sed
959 3234 1057 3303 inter
1082 3243 1224 3311 caetens,

129 3350 261 3438 poterit
282 3371 358 3419 esse
383 3349 475 3418 circo
500 3348 567 3418 hoc
594 3348 792 3440 subjectum
813 3347 981 3417 instantia
999 3350 1117 3421 crescis
1134 3349 1224 3443 talis;

129 3467 223 3555 quod
255 3465 396 3544 lamina,
422 3473 485 3534 eut
515 3463 613 3534 filum
642 3465 724 3535 ferri
755 3463 860 3556 paulo
892 3468 1152 3549 contumacius,
1177 3462 1224 3535 vel

129 3583 238 3652 etiam
256 3581 411 3651 colemus
437 3582 511 3650 sive
536 3602 653 3672 penno
672 3580 708 3649 in
735 3581 854 3650 medio
873 3580 996 3663 divise,
1014 3581 1172 3654 adducta
1193 3587 1224 3652 et

174 3760 197 3799 ¹⁹
226 3759 284 3814 'l'he
313 3759 414 3813 motion
444 3759 475 3813 ol
501 3758 659 3812 missiles.-
699 3757 818 3829 opposed
841 3769 870 3813 to
893 3757 939 3812 the
959 3758 1129 3832 Ccpernioen
1151 3762 1225 3834 bype-

130 3843 148 3867 “
159 3837 275 3892 Schols”
287 3838 349 3890 here
368 3837 497 3908 probably
514 3854 606 3891 means
624 3837 659 3891 ell
699 3836 781 3892 thesis
791 3859 799 3899 ;
825 3835 878 3890 end
896 3836 930 3891 he
948 3848 1031 3895 wrote
1049 3857 1065 3894 u
1085 3841 1166 3906 book,
1187 3859 1225 3896 sn·

129 3918 244 3986 existing
261 3915 456 3986 Philosophers,
469 3915 532 3970 with
551 3915 596 3969 the
613 3933 658 3969 ex·
699 3914 774 3970 titled
808 3915 1024 3981 Homocentrics,
1055 3928 1086 3974 to
1119 3919 1226 3992 simpliiy

131 3996 235 4064 ception
259 3994 290 4048 ol
312 3993 411 4047 Bucen.
447 3994 513 4048 This
539 4000 658 4048 “motus
699 3993 757 4048 thnt
778 3994 945 4064 explanation
964 3995 996 4049 ol
1013 3995 1147 4071 besvenly
1166 3996 1229 4053 Phe

129 4073 290 4128 missilium'’
302 4073 325 4126 is
343 4090 404 4126 now
416 4069 497 4143 saiely
509 4072 611 4127 boused
630 4090 659 4126 as
701 4090 824 4136 nomena,
830 4073 916 4127 which
928 4072 1007 4128 mede
1018 4075 1104 4131 Eanh
1116 4077 1161 4132 tlte
1172 4094 1225 4132 orn·

130 4169 146 4207 s
169 4151 268 4207 brench
293 4151 324 4205 ol
345 4151 502 4221 Dynamical
530 4150 659 4216 Scienee;
700 4153 829 4221 tre-point
844 4151 875 4205 ol
888 4152 933 4206 the
947 4162 1058 4223 system,
1074 4154 1128 4209 und
1142 4152 1224 4226 puel

130 4230 183 4284 and
207 4232 242 4284 ull
262 4228 427 4284 discussions
449 4247 479 4284 es
501 4234 531 4283 tc
552 4229 660 4283 Violent
701 4227 747 4282 the
765 4230 868 4300 plsnets
887 4247 938 4284 one
956 4231 1023 4285 siter
1042 4233 1162 4298 another,
1179 4229 1224 4287 and

130 4308 184 4363 aud
199 4309 311 4364 Natural
324 4308 500 4370 blodemite.
519 4325 563 4362 ere
580 4318 607 4362 at
625 4325 659 4363 an
701 4307 790 4378 finuhy
808 4308 854 4362 the
867 4307 1000 4363 “Coelum
1015 4309 1185 4377 Stellstum,”
1201 4312 1224 4364 iu

130 4388 191 4443 eud.
700 4385 770 4441 lixsd
784 4386 868 4441 orbits
886 4387 916 4441 of
931 4387 1023 4452 ether,
1036 4389 1223 4446 ullconosntric

166 4467 191 4506 ²⁰
212 4467 255 4521 Cf.
276 4484 365 4537 supra,
387 4464 423 4519 ll.
443 4480 486 4537 35.
509 4464 583 4534 (note
602 4465 659 4537 97.)
700 4465 727 4520 in
739 4466 785 4520 the
797 4466 880 4520 earth.
906 4465 1223 4525 SoeDrinlsvrster'sLllt

132 4546 308 4601 Frscoetorc’s
336 4544 414 4598 virws
440 4561 507 4598 were
534 4545 659 4615 violently
700 4545 730 4599 ol
740 4545 889 4615 Geli1e0,p.
903 4561 943 4615 13·
