2708 5226
493 555 582 619 ms.
599 555 646 620 11.
663 576 709 640 13.
1090 557 1150 620 rsr

128 714 224 807 nem)
262 725 343 809 post
383 740 519 787 moram
559 717 794 788 sufficientem
828 740 893 810 pro
931 719 1154 789 extinctione

127 830 221 903 illius
250 832 395 903 ascititii
427 832 561 916 caloris,
588 834 632 904 ad
665 832 775 904 talem
804 835 1050 904 extensionem
1080 837 1154 905 sive

125 947 394 1031 dimensionem,
412 948 526 1040 qualis
552 951 621 1019 erit
646 951 734 1019 aeris
759 948 948 1019 ambientis
973 958 1036 1019 aut
1059 974 1155 1021 com·

125 1065 241 1135 munis
271 1074 358 1136 tunc
386 1067 566 1158 temporis,
592 1065 735 1157 quando
767 1065 976 1135 immittitur
1001 1066 1153 1146 vitrum;

124 1189 232 1273 atque
265 1183 424 1253 attrahet
461 1206 590 1275 aquam
624 1184 661 1252 in
696 1204 833 1252 sursum
868 1182 911 1252 ad
951 1181 1153 1272 hujusmodi

124 1319 336 1372 mensuram.
388 1298 509 1370 Debet
530 1307 652 1369 autern
678 1298 831 1391 appendi
858 1297 979 1367 charta
1004 1309 1155 1390 angusta

126 1421 164 1484 et
186 1412 350 1508 oblonga,
369 1423 407 1485 et
429 1415 596 1508 gradibus
615 1417 718 1508 (quot
741 1412 901 1500 libuerit)
920 1414 1154 1484 interstincta.

125 1528 280 1602 Videbis
300 1540 435 1611 autem,
453 1540 558 1623 prout
576 1541 771 1623 tempestas
793 1530 863 1600 diei
887 1528 1069 1600 incalescit
1091 1539 1155 1600 aut

125 1645 294 1740 frigescit,
312 1647 430 1717 adrem
448 1668 486 1716 se
509 1645 717 1717 contrahere
741 1647 778 1714 in
799 1648 984 1741 angustius
1007 1669 1070 1739 per
1093 1647 1154 1716 fri-

123 1762 260 1856 gidum,
283 1771 322 1832 et
345 1762 542 1834 extendere
564 1784 602 1834 se
628 1762 666 1831 in
688 1761 795 1832 latius
818 1784 881 1854 per
906 1761 1081 1847 calidum;
1116 1762 1152 1831 id

124 1878 220 1969 qaod
244 1879 483 1971 conspicietur
503 1901 567 1971 per
589 1901 718 1970 aquam
735 1879 987 1949 ascendentem
1009 1877 1153 1968 quando

125 1995 349 2065 contrahitur
377 1997 448 2079 aer,
472 2004 510 2065 et
540 1994 817 2066 descendentem
848 1996 922 2065 sive
952 1994 1152 2087 depressam

124 2112 265 2204 qnando
292 2110 464 2182 dilatatur
490 2113 559 2182 aer.
613 2110 745 2181 Sensus
765 2120 888 2181 autem
911 2111 1012 2193 aeris,
1030 2119 1153 2201 quate·

124 2250 191 2298 nus
218 2227 263 2298 ad
294 2226 450 2298 calidum
481 2236 519 2299 et
547 2227 727 2321 frigidum,
758 2235 832 2295 tam
861 2225 1000 2296 subtilis
1029 2233 1085 2296 est
1115 2237 1152 2297 et

123 2343 333 2436 exquisitus,
360 2353 402 2413 ut
431 2343 638 2414 facultatem
668 2350 786 2412 tactus
816 2341 961 2412 humani
995 2340 1152 2410 multum

123 2470 289 2554 saperet;
310 2461 400 2531 adeo
421 2471 462 2531 nt
484 2461 567 2532 solis
593 2460 710 2530 radius
732 2458 870 2550 aliquis,
888 2467 951 2528 aut
974 2456 1069 2528 calor
1091 2481 1153 2527 an-

124 2575 268 2660 helitus,
287 2575 402 2647 multo
428 2579 541 2671 magis
564 2576 660 2647 calor
681 2598 816 2657 manus,
834 2598 940 2669 saper
955 2575 1036 2645 vitri
1058 2597 1153 2644 sunr-

123 2691 289 2764 mitatem
328 2693 473 2786 positus,
508 2694 629 2764 statim
663 2693 840 2784 deprimat
877 2713 1006 2783 aquam
1040 2691 1153 2760 mani-

124 2809 228 2880 festo.
279 2808 452 2880 Attamen
476 2811 732 2889 existimamus,
755 2810 918 2903 spiritum
944 2807 1150 2878 animalium

125 2925 238 3020 magis
263 2925 380 2997 sdlruc
404 2926 622 3017 exquisitum
652 2946 795 2995 sensum
823 2925 954 2995 habere
983 2923 1088 2995 calidi
1114 2935 1152 2994 et

125 3041 255 3136 frigidi,
285 3042 353 3112 nisi
383 3042 479 3134 quod
505 3065 526 3112 a
551 3041 646 3113 mole
676 3063 843 3134 corporea
873 3041 1088 3134 impediatur
1113 3051 1152 3111 et

125 3157 329 3229 hebetetur.

77 3280 110 3353 9.
129 3271 217 3344 Post
233 3274 350 3346 aerem
368 3274 612 3344 existimamus
630 3296 775 3365 corpora
792 3295 868 3343 esse
892 3272 1048 3341 maxime
1072 3293 1151 3341 sen-

124 3390 231 3461 sitiva
255 3389 379 3461 caloris
404 3411 551 3481 eaquae
576 3411 598 3458 a
621 3387 750 3480 frigore
775 3395 939 3459 recenter
960 3388 1150 3455 immutata

125 3506 199 3576 sint
224 3514 262 3576 et
287 3529 494 3599 compressa,
516 3502 633 3596 qualia
658 3513 742 3574 sunt
768 3504 841 3584 nix,
867 3510 906 3573 et
930 3500 1081 3594 glacies;
1108 3525 1152 3571 ea

125 3624 224 3694 enim
242 3621 314 3692 leni
331 3621 450 3714 aliquo
468 3632 591 3714 tepore
610 3619 698 3690 solvi
715 3619 893 3711 incipiunt
905 3627 944 3689 et
956 3616 1149 3709 colliquari.

126 3737 215 3808 Post
237 3737 299 3808 illa
324 3739 485 3829 sequitur
502 3737 649 3807 fortasse
674 3745 864 3830 argentum
881 3735 1012 3804 vivum.
1064 3732 1151 3804 Post

124 3852 215 3925 illud
241 3865 438 3947 sequuntur
463 3875 609 3946 corpora
642 3850 798 3944 pinguia,
824 3861 866 3921 ut
891 3850 1021 3933 oleum,
1047 3851 1152 3944 buty-

123 3968 217 4052 rum,
235 3977 274 4040 et
290 3967 437 4052 similia;
455 3967 584 4038 deinde
602 3966 754 4060 lignum;
771 3965 901 4036 deinde
919 3989 1020 4059 aqua.
1049 3964 1152 4037 Post-

124 4107 224 4155 remo
242 4083 389 4176 lapides,
406 4092 445 4153 et
466 4082 624 4166 metalla,
641 4105 719 4174 quae
745 4105 816 4152 non
842 4080 946 4153 facile
972 4081 1149 4167 calefiunt,

122 4201 318 4292 presertim
335 4199 493 4269 interius.
546 4197 615 4268 Illa
632 4207 754 4268 tamen
771 4195 925 4268 calorem
948 4197 1058 4269 semel
1076 4222 1151 4270 sus·

122 4324 270 4407 ceptum
292 4313 490 4385 diutissime
515 4316 694 4399 retinent;
719 4314 771 4383 ita
787 4323 829 4384 ut
848 4312 948 4398 later,
965 4325 1030 4385 aut
1051 4313 1150 4407 lapis,

120 4439 186 4502 aut
215 4430 348 4501 ferrum
377 4431 541 4524 ignitum,
568 4431 605 4499 in
635 4427 765 4522 pelvim
791 4453 890 4523 aquae
920 4430 1055 4524 frigidae
1084 4432 1151 4500 im-

119 4546 269 4617 missum
299 4555 337 4615 et
366 4546 579 4628 demersum,
607 4567 671 4638 per
700 4555 862 4638 quartam
891 4554 1030 4638 partem
1056 4545 1150 4615 horae
