2708 5226
131 539 196 608 268
455 542 629 608 NOVUM
652 542 905 609 OBGANUM.

129 731 238 803 vapor
269 711 465 795 universus,
499 711 560 804 qui
595 733 640 781 ex
670 734 762 804 aqua
794 711 980 782 emittitur
1013 733 1079 805 per
1109 713 1222 807 ignom

129 837 323 921 vaporant
347 828 535 899 adrautea
559 827 629 898 fuit
653 827 691 897 in
716 849 862 920 corpore
887 850 1012 922 aqum
1039 829 1104 900 esd
1125 829 1223 901 tactus

130 953 187 1016 est
210 946 368 1016 maxima
392 953 556 1037 exparte
581 966 645 1036 per
661 943 906 1016 dilatationem
932 967 1039 1038 aquae
1056 968 1104 1017 ex
1120 946 1223 1019 miore

128 1060 231 1156 ignis.

186 1175 360 1248 Similiter
392 1177 430 1247 in
463 1198 594 1270 gauere
625 1198 751 1248 omnes
783 1179 974 1269 exquisite
1007 1179 1224 1272 probationes

129 1316 326 1387 corporum,
349 1295 424 1365 sire
449 1292 664 1364 naturalium
690 1295 765 1364 sive
789 1293 1046 1378 artificialium,
1069 1318 1136 1389 per
1150 1319 1225 1389 qaas

128 1435 212 1484 vera
236 1411 493 1506 dignoscuntur
516 1408 562 1481 ab
587 1409 805 1494 adulterinis,
823 1410 973 1483 meliora
998 1434 1021 1482 a
1044 1412 1223 1496 vilioribus,

128 1528 200 1600 huc
229 1528 351 1599 referri
377 1527 535 1599 debent:
559 1526 741 1597 deducunt
770 1528 865 1598 enim
896 1529 1160 1601 non-sensibile
1186 1531 1224 1601 ad

129 1642 305 1716 sensibile.
371 1644 465 1715 Sunt
494 1643 618 1736 itaque
647 1642 811 1737 diligenti
842 1667 930 1716 cura
960 1647 1126 1740 undique
1153 1671 1227 1720 con-

130 1761 321 1854 quirendae.

180 1878 244 1969 (5.)
271 1876 448 1960 Quintum
473 1900 557 1949 vero
587 1900 704 1972 genus¹
734 1876 922 1949 latitantia
947 1881 1049 1972 quod
1079 1882 1225 1966 attinet;

129 1993 358 2065 manifestum
376 2003 440 2076 est,
458 1995 637 2067 actionem
659 2017 782 2065 sensus
805 1997 953 2090 transigi
972 1998 1010 2067 in
1028 2006 1144 2081 motu,
1160 2021 1226 2069 mo

130 2118 207 2181 tum
225 2110 451 2203 intempore.
504 2110 543 2182 Si
561 2112 673 2206 igitur
687 2119 807 2182 motus
828 2111 981 2204 alicujus
1004 2116 1164 2208 corporis
1185 2117 1225 2186 sit

130 2224 187 2297 vel
205 2235 278 2297 tam
296 2225 425 2310 tardus,
443 2226 501 2299 vel
524 2236 598 2298 tam
617 2226 732 2310 velox,
751 2237 792 2298 ut
816 2250 888 2298 uon
915 2230 964 2299 sit
988 2233 1225 2324 proportiona-

129 2350 188 2414 tus
218 2341 263 2412 ad
294 2351 487 2426 momenta,
514 2344 550 2413 in
582 2344 710 2437 quibus
740 2344 948 2438 transigitur
973 2349 1072 2417 actio
1101 2369 1225 2428 sensns,

131 2460 311 2553 objectum
338 2460 483 2530 omniuo
508 2482 579 2530 non
605 2461 817 2553 percipitur:
843 2468 887 2530 ut
911 2462 951 2531 in
976 2470 1082 2532 motu
1110 2464 1224 2535 iudicis

130 2577 314 2670 horologii,
332 2587 369 2646 et
387 2599 504 2646 rursus
521 2578 556 2645 in
575 2586 677 2647 motu
693 2576 772 2670 pilae
795 2576 954 2669 sclopeti.
1008 2578 1137 2672 Atque
1159 2604 1224 2651 mo

132 2704 199 2776 tus,
218 2696 278 2786 qui
296 2693 342 2764 ob
359 2694 563 2764 tarditatem
589 2716 662 2764 non
685 2697 886 2787 percipitur,
905 2694 1011 2765 facile
1037 2707 1076 2766 et
1093 2698 1224 2766 ordina·

131 2812 182 2882 rio
202 2811 390 2880 deducitur
406 2810 451 2880 ad
474 2834 616 2882 sensum
637 2835 701 2904 per
717 2834 872 2882 sommas
897 2822 1041 2898 motua;
1068 2816 1132 2906 qui
1153 2836 1225 2884 vero

131 2928 178 2997 ob
194 2927 431 3006 velocitatem,
449 2928 564 2998 adhuc
582 2951 652 2997 non
671 2929 762 2998 bene
779 2930 974 2998 mensurari
993 2928 1225 3011 consuevit⁰;

131 3044 190 3115 sed
224 3053 344 3114 tamen
371 3043 526 3136 postulat
549 3045 729 3136 inquisitio
759 3054 902 3124 naturae,
930 3055 973 3115 ut
1003 3046 1074 3119 hoo
1105 3048 1167 3119 liat
1193 3049 1225 3116 in

127 3159 317 3253 aliquibus.

180 3277 245 3373 (6.)
272 3277 426 3348 Sextum
443 3286 563 3348 autem
582 3300 705 3372 genus,
723 3278 783 3348 ubi
803 3279 999 3370 impeditur
1015 3302 1141 3352 sensus
1157 3303 1227 3376 pro·

127 3406 207 3490 pter
230 3394 457 3465 nobilitatem
479 3394 619 3486 objecti,
637 3397 763 3488 recipit
786 3395 1064 3481 deductionem3
1090 3399 1149 3470 vel
1171 3420 1226 3492 per

127 3513 389 3607 elongationem
412 3513 582 3604 majorem
604 3512 733 3603 objecti
758 3536 778 3582 a
799 3534 925 3596 senen3
951 3512 1009 3584 rel
1036 3538 1103 3607 per
1127 3517 1226 3587 hebe-

127 3632 300 3701 tationem
322 3628 451 3719 objecti
475 3650 539 3720 per
561 3629 866 3720 interpositionem
889 3631 1000 3700 medii
1027 3632 1119 3715 talis,
1139 3631 1225 3725 quod

127 3749 306 3840 objectum
326 3743 501 3827 debilitet,
518 3767 588 3814 non
607 3744 800 3828 annihilet3
827 3744 883 3814 vel
900 3768 965 3838 per
983 3747 1226 3821 admissionem

127 3871 165 3934 et
182 3862 431 3954 exceptionem
450 3861 580 3953 objecti
598 3860 730 3944 reflexi,
748 3862 809 3932 ubi
833 3864 1014 3954 percussio
1033 3864 1171 3937 directa
1187 3866 1227 3935 sit

127 3980 232 4051 nimis
249 3979 371 4063 fortis;
397 3988 438 4047 ut
455 3978 538 4049 solis
555 3978 591 4047 in
610 3976 703 4070 pelvi
721 4000 830 4069 aquae.

170 4096 235 4185 (7.)
256 4095 456 4187 Septimum
474 4105 595 4164 autern
613 4117 725 4188 genus
742 4093 939 4176 latitantia,
957 4095 1022 4166 ubi
1042 4120 1166 4170 sensns
1182 4099 1227 4167 ita

127 4220 293 4284 oneratur
311 4211 461 4302 objecto,
479 4219 521 4280 ut
538 4234 635 4280 novae
655 4210 856 4281 admissioni
878 4214 1014 4282 nonsit
1032 4213 1144 4301 locus,
1162 4236 1225 4286 non

160 4437 186 4477 ⁴⁸
204 4436 246 4492 cf.
271 4434 425 4491 Hcrschel’s
447 4435 593 4490 Discourse
616 4454 651 4491 on
693 4435 724 4490 of
732 4441 808 4507 great
820 4436 964 4507 relocityis
977 4454 1041 4492 now
1050 4438 1224 4511 readilymea-

126 4516 239 4573 Natural
256 4514 427 4586 Philosophy,
442 4517 456 4584 t
472 4516 511 4570 ¹8.
550 4515 655 4570 Motion
697 4514 777 4569 sured
789 4513 825 4586 by
836 4531 929 4568 means
941 4515 974 4569 ol
983 4515 1148 4590 Electrlcity.
