2708 5226
127 529 194 595 818
460 525 634 592 Novum
657 524 909 594 ORGANUM.

127 693 291 788 qualibus
315 700 467 766 utuntur
485 692 657 766 Germani
687 693 989 787 septentrionales
1017 714 1084 790 pro
1109 714 1224 790 gram·

127 811 198 882 riis.
249 810 329 882 Nee
354 833 429 881 non
453 810 621 904 repositio
647 832 833 905 eorporum
860 813 900 882 iu
926 812 1044 882 fundo
1069 834 1227 905 aquarum

128 927 174 999 ad
199 926 267 999 hoe
291 935 452 1020 spectat:
480 934 522 996 ut
550 927 700 997 memini
727 948 786 998 me
808 929 1000 1021 quippiam
1027 929 1167 1001 audine
1190 930 1227 999 ds

128 1043 266 1116 utribus
282 1043 356 1114 vini
374 1043 535 1115 demissis
558 1043 596 1113 in
619 1042 837 1135 profundum
855 1051 1025 1137 puteum,
1041 1046 1089 1116 ad
1105 1044 1232 1139 intrim

128 1159 309 1231 dationem
333 1159 490 1244 stilicen
515 1158 578 1230 sed
603 1180 686 1230 casu
711 1167 750 1230 et
773 1181 840 1251 per
864 1159 1078 1254 neglectum
1094 1182 1136 1232 aa
1151 1160 1229 1232 obli·

130 1277 271 1347 vionem
287 1275 422 1346 ibidem
444 1275 709 1347 remanentibus
731 1276 957 1368 permultos
982 1298 1108 1364 annos,
1123 1287 1162 1348 et
1175 1278 1229 1347 de·

128 1395 213 1465 inde
230 1393 420 1476 extractis;
445 1391 540 1461 unde
558 1392 681 1461 unum
700 1390 836 1462 fautum
853 1403 913 1464 est
936 1416 1011 1467 non
1033 1394 1150 1467 solum
1165 1417 1228 1467 nou

127 1511 305 1602 vapidum,
329 1517 394 1580 aut
417 1517 631 1590 emortuum,
657 1510 720 1582 sed
747 1508 864 1581 multo
895 1514 1014 1607 magis
1044 1512 1167 1585 nobile
1189 1513 1227 1583 ad

127 1633 293 1717 guastum
318 1648 383 1718 per
400 1625 693 1696 eommixtionem
717 1626 872 1719 partium
899 1649 1051 1699 suarum
1068 1630 1127 1722 (ut
1142 1630 1229 1699 ride·

128 1744 202 1834 tur)
219 1740 331 1833 magis
353 1741 579 1831 exquisitam.
630 1740 737 1824 Quod
764 1742 793 1813 si
818 1741 982 1835 postulet
1007 1764 1077 1830 res,
1093 1754 1139 1816 ut
1163 1767 1229 1816 eor-

128 1878 214 1949 pora
241 1853 480 1926 demittantur
510 1856 556 1927 ad
587 1855 740 1927 fundum
774 1879 961 1951 aquarum,
993 1859 1110 1932 veluti
1145 1863 1230 1932 intra

127 1970 254 2042 fluvios
278 1979 342 2041 aut
365 1993 475 2055 mare,
491 1993 610 2064 neque
635 1981 755 2044 tamen
781 1994 892 2066 aquas
917 1982 1085 2070 tangant,
1108 1977 1228 2048 neuin

127 2087 266 2160 vasibus
282 2085 456 2164 obturatis
472 2088 741 2174 oonoludantur,
754 2089 817 2161 sed
834 2092 916 2162 adro
932 2099 1082 2165 tantum
1099 2095 1227 2165 eireuu·

127 2205 277 2289 dentum
302 2203 489 2276 bonusest
506 2226 591 2276 usus
608 2205 701 2276 vasis
716 2206 823 2289 illius,
840 2207 937 2297 quod
955 2208 1164 2280 adhibitum
1179 2218 1228 2282 est

126 2342 383 2414 nonnunquam
400 2321 446 2393 ad
464 2320 684 2415 operandum
701 2321 824 2392 subter
846 2323 947 2414 aquis
969 2344 1083 2417 super
1096 2327 1230 2419 navigia

126 2436 296 2519 demersa,
331 2445 375 2507 ut
409 2438 607 2507 urinatores
645 2436 780 2508 diutius
817 2457 963 2510 manere
997 2439 1139 2531 poaeint
1170 2439 1229 2511 snb

126 2555 236 2645 aquis,
254 2562 293 2622 et
312 2553 488 2645 pervices
512 2552 558 2623 ad
584 2561 726 2645 tempus
752 2554 931 2646 respirare.
986 2554 1087 2626 Illud
1114 2556 1228 2649 hujus-

126 2669 223 2739 modi
254 2676 340 2739 erat.
391 2668 657 2741 Confioiebatur
686 2669 822 2738 dolium
853 2692 900 2740 ex
930 2671 1084 2743 metallo
1111 2695 1229 2744 oonca·

127 2806 220 2867 vum,
254 2785 349 2875 quod
383 2784 642 2855 demittebatur
676 2783 894 2876 aequabiliter
927 2787 973 2857 ad
1009 2791 1228 2882 superficiem

126 2921 237 2991 aquae,
256 2909 363 2990 atque
389 2899 438 2970 sie
464 2899 675 2993 deportabat
693 2908 811 2970 totum
835 2903 967 2988 aerem,
986 2905 1048 2994 qui
1076 2908 1229 2977 eontine-

125 3016 232 3086 batur
247 3017 284 3084 in
302 3014 409 3097 dolio,
426 3037 548 3086 seeum
566 3017 602 3086 in
621 3016 772 3086 fundum
789 3018 906 3087 maris.
961 3015 1095 3092 Stabat
1112 3033 1227 3093 autem

125 3155 232 3227 super
247 3135 357 3228 pedes
374 3142 458 3220 tres,
477 3133 603 3222 (instar
619 3133 781 3225 tripodis)
800 3134 861 3224 qui
879 3132 1118 3228 longitudinis
1135 3149 1228 3210 erant

125 3251 307 3345 aliquanto
323 3251 468 3322 minoris
485 3259 619 3321 statura
636 3249 810 3336 hominis3
836 3250 887 3321 ita
910 3259 953 3321 ut
976 3256 1142 3328 urinator
1159 3277 1229 3349 pos·

126 3376 191 3454 set,
209 3392 292 3441 eum
310 3367 488 3439 anhelitus
505 3366 684 3447 deficeret,
703 3367 897 3438 immittere
914 3378 1027 3462 eaput
1051 3373 1089 3442 in
1107 3393 1227 3444 aarum

126 3487 224 3571 dolii,
243 3495 281 3556 et
301 3486 482 3579 respirare,
499 3491 538 3554 et
564 3483 693 3554 deinde
720 3506 808 3576 opus
833 3484 1056 3557 continuare.
1108 3488 1227 3580 Atque

127 3605 334 3686 audivimus,
353 3603 534 3672 inventam
553 3620 628 3670 esse
646 3601 724 3691 jam
741 3600 943 3670 machinam
960 3603 1121 3695 aliquam
1138 3606 1228 3675 navi-

126 3719 215 3789 eulae
231 3728 294 3790 aut
311 3718 462 3812 scaphae,
473 3740 551 3810 quse
568 3717 730 3787 homines
748 3717 868 3787 subter
884 3719 988 3810 aquis
1005 3721 1139 3792 vehere
1156 3743 1228 3815 pos

125 3837 173 3904 sit
198 3836 243 3904 ad
270 3835 382 3926 spatia
406 3829 625 3906 nonnulla¹¹.
677 3830 817 3903 Verum
842 3833 907 3903 sub
933 3834 1001 3905 tali
1018 3858 1113 3922 vass,
1131 3836 1228 3929 quale

126 3953 233 4022 modo
250 3950 415 4034 diximus,
433 3973 579 4044 corpora
596 3950 727 4041 quaeris
748 3949 851 4022 facile
876 3954 1051 4044 suspendi
1077 3954 1227 4048 pomint3

126 4066 227 4157 eujus
244 4088 349 4136 eausa
365 4066 433 4137 hoo
451 4068 736 4160 experimentum
753 4067 981 4138 adduximus.

176 4178 246 4252 Est
263 4189 301 4251 et
317 4181 407 4252 alius
424 4205 508 4254 usus
529 4179 710 4275 diligentis
727 4190 765 4252 et
782 4183 950 4275 perfeetae
967 4183 1145 4259 clausura
1161 4208 1229 4258 eor-

164 4356 184 4396 ¹¹
204 4356 292 4412 These
311 4357 492 4414 under-water
513 4360 590 4414 boats
610 4375 656 4429 sp·
697 4359 782 4430 going
793 4359 879 4414 under
887 4368 977 4425 water,
991 4363 1049 4420 aud
1061 4365 1195 4438 brookiug
1206 4361 1232 4416 oi

126 4454 188 4507 pear
211 4437 289 4507 again
317 4437 345 4490 in
370 4436 416 4490 the
440 4437 507 4492 Neve
531 4436 656 4491 Atlantis.
698 4438 786 4492 seas.'’

126 4515 209 4569 “We
233 4515 300 4570 heve
330 4513 404 4584 ships
434 4515 487 4570 aud
517 4515 593 4571 beate
617 4514 657 4569 for
