2708 5226
535 547 624 613 LIB.
644 549 691 613 II.
711 568 761 635 23,
776 570 826 631 24.
1161 553 1226 616 203

119 711 279 806 aqualia,
296 736 362 807 per
379 721 560 787 texturam
585 714 791 809 simplicem,
810 718 894 789 dare
911 716 1053 805 album;
1079 740 1225 810 corpora

120 829 309 924 inequalia
331 832 525 904 secundum
550 841 730 904 texturam
753 833 988 926 compositam
1008 833 1070 905 sed
1088 836 1226 905 ordina-

121 956 204 1032 tam,
234 946 322 1019 dare
352 949 506 1043 reliquos
540 949 684 1032 colores,
719 960 846 1042 praeter
879 951 1043 1043 nigrum;
1080 973 1227 1044 corpora

120 1084 203 1135 rero
228 1063 418 1157 inoequalia
442 1088 506 1158 per
530 1073 711 1136 texturam
735 1066 976 1159 compositam,
994 1066 1055 1137 sed
1080 1067 1225 1138 omniuo

121 1180 359 1251 inordinatam
390 1190 429 1252 et
458 1182 652 1265 confusam,
684 1183 767 1255 dare
802 1184 954 1278 nigrum.
1017 1183 1145 1276 Itaque
1180 1184 1224 1255 de

122 1294 291 1368 instantio
308 1296 478 1394 migrante
493 1297 538 1368 ad
555 1299 824 1392 generationem
846 1300 884 1369 iu
907 1308 1034 1370 natura
1056 1300 1225 1393 inquisita

121 1411 305 1496 albedinis,
334 1415 554 1506 propositum
588 1422 643 1484 est
669 1415 747 1507 jam
781 1414 998 1508 exemplum.
1050 1413 1226 1487 [manua

122 1535 245 1600 autern
262 1528 418 1626 migrans
434 1531 479 1600 ad
497 1532 758 1623 cormptionem
775 1531 812 1601 iu
831 1530 956 1602 eadem
979 1539 1106 1604 natura
1129 1531 1227 1603 albe·

122 1645 224 1726 dinis,
238 1654 295 1715 est
312 1667 436 1738 spuma
453 1645 633 1729 dissoluta,
646 1656 709 1718 aut
723 1650 785 1718 nix
800 1647 990 1719 dissoluta:
1013 1649 1116 1720 exuit
1128 1649 1225 1720 euim

122 1761 337 1844 albedinem,
364 1771 402 1834 et
428 1762 544 1834 induit
573 1762 788 1856 diaphanum
816 1787 916 1856 equa,
944 1774 1025 1857 post
1053 1787 1160 1858 quam
1185 1765 1228 1835 fit

123 1877 298 1972 integrale
316 1879 392 1950 siue
408 1881 499 1950 uere.

172 1995 306 2087 Neque
332 2019 416 2067 vero
443 1995 532 2067 illud
559 1995 634 2065 ullo
660 1997 767 2067 modo
793 1997 1136 2089 pretermittendum
1161 2007 1227 2083 est,

124 2111 219 2204 quod
249 2111 317 2183 sub
342 2112 520 2183 irutoutiis
546 2110 773 2209 migrantibus
798 2112 1050 2206 comprehendi
1074 2114 1228 2185 debeant

125 2251 196 2300 non
210 2234 352 2300 tantum
366 2228 435 2299 illae
448 2251 526 2321 quae
542 2230 698 2322 migrant
714 2228 759 2299 ad
777 2229 1042 2322 generationem
1059 2238 1098 2301 et
1115 2231 1229 2323 priva-

125 2345 283 2428 tionem;
309 2346 371 2417 sed
394 2348 502 2416 etiam
529 2343 601 2414 illae
624 2368 705 2437 quae
722 2344 875 2443 mipruut
891 2343 935 2414 ad
960 2344 1227 2436 majorationem

125 2470 164 2532 et
180 2462 474 2544 minorationem;
501 2484 584 2531 cum
600 2460 671 2530 illae
688 2461 795 2532 ctiam
815 2461 967 2533 tendant
983 2461 1027 2532 ad
1045 2462 1228 2534 invenien-

126 2581 208 2650 dam
227 2578 388 2660 formam,
405 2587 447 2648 ut
470 2602 534 2671 per
556 2578 801 2650 definitionem
826 2578 950 2648 formae
974 2578 1135 2670 superius
1158 2580 1229 2649 fac-

126 2705 211 2779 tam,
243 2702 281 2766 et
311 2691 459 2765 tabulam
485 2693 669 2792 paduam,
699 2695 887 2766 manifesto
921 2693 1046 2788 liquet.
1099 2694 1226 2788 ltaque

128 2833 289 2907 papyrus,
303 2835 381 2905 quae
399 2812 490 2883 sicca
506 2836 616 2905 quum
636 2814 753 2895 fuerit,
771 2811 852 2883 alba
869 2821 945 2899 est;
970 2821 1008 2883 at
1029 2813 1228 2885 madefacta

133 2927 295 3021 (excluso
313 2930 403 3009 ae're,
417 2938 456 2999 et
472 2938 614 3021 recepta
630 2928 738 3022 aqua)
752 2931 870 2999 miuus
886 2928 968 3000 alba
980 2938 1046 3011 est,
1060 2937 1098 3001 et
1115 2931 1228 3023 magis

130 3047 244 3141 vergit
261 3047 306 3117 ad
325 3045 559 3138 diaphanum3
586 3045 738 3116 similem
759 3046 869 3116 habet
885 3046 1059 3117 rationem
1078 3069 1160 3116 cum
1177 3047 1231 3116 in·

129 3163 269 3234 stautiis
285 3163 506 3254 supradictis.

607 3274 754 3348 XXIV.

180 3395 283 3467 Inter
300 3399 545 3490 praerogativas
564 3395 820 3475 instant-iarum,
838 3394 945 3464 tertio
964 3392 1042 3463 loco
1059 3415 1232 3486 ponemus

131 3513 317 3585 instantius
337 3513 531 3595 ostensivus,
550 3511 595 3583 de
621 3510 749 3605 quibus
775 3511 811 3580 in
828 3507 1094 3581 vindemiatione
1114 3510 1232 3604 primo

131 3627 172 3700 dc
188 3626 303 3701 calido
319 3629 538 3700 mentionem
557 3628 726 3710 fecimus;
752 3648 839 3718 quas
860 3626 966 3697 etium
986 3622 1231 3710 elucescentius,

131 3746 205 3817 eive
238 3744 425 3815 instantius
458 3741 631 3826 liberatus,
663 3751 695 3813 ct
720 3740 1025 3837 praedominante,
1056 3741 1233 3836 appellare

131 3862 378 3934 consuevimus
387 3858 428 3930 ⁵¹.
481 3860 542 3930 Eae
564 3868 754 3953 suntque
778 3859 972 3930 ostendunt
996 3867 1159 3930 naturam
1180 3860 1234 3930 iu·

166 4121 189 4160 ⁵¹
205 4120 332 4193 Cheupr.
348 4119 385 4175 11.
397 4136 440 4175 ro.
458 4119 545 4174 'I'heee
558 4117 663 4175 “Glar·
705 4120 752 4191 ing
775 4135 858 4181 cases,
877 4117 965 4173 which
988 4128 1059 4175 most
1083 4118 1156 4174 often
1175 4120 1235 4175 lead

132 4201 178 4272 ing
196 4200 355 4256 Instancee”
369 4199 441 4254 shew
453 4199 500 4254 the
513 4199 616 4254 Nature
634 4216 665 4253 or
705 4208 733 4253 to
763 4197 883 4252 valueble
911 4197 1078 4252 discoveries.
1121 4199 1181 4254 One
1205 4218 1236 4255 or

133 4279 244 4353 Quality
265 4279 367 4351 sought
386 4278 428 4333 ior
447 4279 476 4333 iu
499 4279 533 4332 its
557 4277 665 4347 highest
705 4287 758 4331 two
774 4277 805 4331 ol
817 4274 891 4330 these
909 4276 937 4330 in
955 4276 1047 4331 ehilt'ul
1064 4276 1151 4333 hands
1169 4278 1236 4334 have

132 4376 221 4431 power
243 4375 276 4413 or
299 4357 402 4429 degree,
422 4357 475 4412 and
499 4356 572 4412 freed
595 4357 665 4411 from
705 4356 778 4410 often
801 4354 845 4410 led
869 4364 897 4409 to
917 4355 1005 4410 Truth
1029 4354 1105 4410 when
1129 4375 1165 4411 no
1189 4375 1236 4429 ap-

131 4437 257 4510 ordinary
287 4436 477 4492 obstructione.
514 4435 564 4490 See
595 4434 664 4489 Her-
706 4434 830 4506 plicatiou
849 4433 880 4488 ol
896 4434 943 4488 the
965 4434 1101 4489 Baoouiau
1123 4435 1237 4491 Method

132 4516 229 4573 echel’e
276 4515 431 4579 Discourse,
480 4518 495 4584 §
525 4530 665 4586 191,192.
706 4512 755 4569 hee
784 4512 852 4568 been
881 4511 998 4584 thought
1027 4512 1063 4567 ol.
1106 4512 1236 4570 Herschel

132 4595 219 4652 There
241 4595 295 4650 rrill
315 4595 412 4667 always
433 4593 466 4648 be
487 4593 564 4649 those
585 4593 665 4648 strik-
707 4592 873 4661 (Discouree,
887 4593 901 4660 t
915 4591 980 4663 365)
993 4590 1109 4647 adduces
1123 4593 1235 4666 Magne-
