2708 5226
474 536 563 601 LIB.
588 534 633 600 ll.
649 557 702 623 30,
714 557 767 622 31.
1104 539 1165 601 221

110 825 218 896 Inter
234 824 488 921 proeropotivur
511 725 758 899 inddoyddddrum
774 829 947 919 ponemus
970 827 1049 899 loco
1073 849 1167 900 nouo

60 940 252 1012 instantias
286 936 510 1022 liruituaeav,⁸
552 967 639 1036 ques
675 945 784 1015 etiam
815 944 1007 1040 participio
1043 969 1168 1017 vocare

60 1053 359 1130 consuevimusw.
411 1055 473 1128 Eae
499 1082 583 1130 vero
611 1070 705 1145 sunt,
732 1084 809 1154 quae
835 1061 1009 1134 exhibent
1033 1064 1168 1156 species

60 1195 254 1267 corporum
275 1170 374 1255 tales,
392 1196 471 1266 quae
494 1175 662 1246 videntur
686 1198 763 1246 esse
789 1176 992 1268 compositae
1017 1199 1063 1246 ex
1089 1199 1168 1270 spe-

60 1290 186 1362 ciebus
214 1289 361 1374 duabus,
384 1289 441 1360 vel
467 1292 669 1363 rudimenta
695 1294 790 1363 iuter
814 1294 969 1386 speciem
995 1315 1103 1364 unam
1129 1303 1167 1365 et

61 1406 224 1479 alteram.
276 1405 345 1477 Hae
364 1430 445 1478 vero
462 1409 639 1479 instantiae
657 1411 752 1481 inter
768 1410 954 1481 instantias
970 1407 1168 1481 moaodicos

61 1525 138 1596 sive
159 1521 375 1595 heteroclitas
398 1533 497 1596 recte
519 1527 696 1597 numerari
718 1535 884 1620 possunt:
910 1535 994 1598 suut
1017 1528 1167 1598 enimin

61 1640 297 1711 universitate
313 1663 431 1710 rerum
448 1663 532 1712 rarae
552 1649 591 1711 et
608 1642 903 1713 extraordinariae.
955 1641 1028 1713 Sed
1046 1649 1167 1713 tamen

61 1758 108 1829 ob
143 1756 360 1851 dignitatem
394 1759 540 1828 seorsim
570 1759 762 1829 tractandae
795 1768 834 1830 et
867 1760 1039 1852 ponendae
1072 1767 1167 1830 sunt.

62 1873 214 1968 Optime
237 1875 333 1946 enim
358 1875 518 1946 indicant
542 1877 833 1968 compositionem
858 1885 897 1948 et
918 1877 1088 1947 fabricam
1111 1899 1168 1949 re·

61 2015 155 2076 rum,
173 1999 212 2063 et
233 1993 388 2062 innuunt
411 2014 532 2063 causas
555 1993 694 2064 numeri
712 2001 750 2063 et
766 1993 948 2086 qualitatis
970 1995 1167 2086 specierum

62 2110 321 2182 ordinariorum
343 2110 382 2178 iu
407 2110 580 2190 universo,
602 2118 641 2180 et
666 2110 848 2180 deducunt
873 2109 1096 2181 intellectum
1122 2110 1167 2181 ab

63 2250 107 2299 eo
124 2226 221 2320 quod
239 2234 304 2310 est,
320 2227 366 2297 ad
383 2227 419 2296 id
438 2227 533 2318 quod
552 2248 628 2297 esse
646 2234 776 2320 potest.

115 2341 256 2415 Harum
281 2342 448 2436 exempla
470 2352 572 2415 suut:
599 2367 751 2428 muscus,
769 2345 864 2414 inter
885 2344 1111 2438 putredinem
1130 2352 1168 2415 et

63 2459 249 2554 pleutam;
286 2469 434 2532 cometae
464 2460 637 2545 nonnulli,
668 2462 763 2532 inter
792 2460 914 2532 stelles
943 2470 981 2531 et
1009 2468 1169 2532 meteore

64 2578 198 2671 ignita;
223 2577 337 2670 pisces
360 2575 531 2660 volantes,
556 2579 651 2650 inter
674 2600 756 2649 aves
779 2587 818 2649 et
840 2577 973 2671 pisces3
998 2576 1170 2669 vesperti-

64 2693 185 2778 liones,
203 2695 299 2765 inter
314 2715 396 2765 aves
413 2703 452 2764 et
468 2695 733 2788 quadrupedes:
759 2695 868 2765 etiam

156 2817 276 2892 Simia
292 2843 393 2915 quom
412 2817 549 2903 simitu,
567 2820 769 2915 turpissima
786 2817 901 2903 bestia
919 2815 1049 2891 ηοόιέ79
1059 2843 1071 2899 ;

66 2945 104 3008 et
124 2943 250 3031 partus
274 2936 479 3007 animalium
504 2937 682 3021 biformes,
700 2945 739 3009 et
764 2937 942 3009 commisti
968 2959 1014 3009 ex
1038 2935 1171 3030 specie-

67 3053 132 3126 bus
149 3053 316 3137 diversis;
342 3061 380 3124 et
397 3053 534 3123 similia.

116 3328 221 3401 Inter
248 3329 502 3427 prceroqotivar
537 3227 785 3397 tdsddcdtdurum
823 3348 996 3419 ponemus
1030 3325 1170 3397 decimo

67 3444 144 3519 loco
175 3446 361 3517 iactantiae
390 3444 575 3540 protestatio,
599 3445 672 3516 sive
686 3440 858 3537 faecium,
886 3445 1042 3536 (sumpto
1070 3463 1171 3512 voca·

67 3562 151 3634 bulo
178 3562 224 3632 ab
250 3562 447 3656 insignibus
472 3560 611 3654 imperii
625 3558 649 3650 ;)
678 3583 763 3653 ques
790 3559 898 3631 etiam
923 3555 1073 3656 inperata,
1097 3557 1170 3629 sive

67 3697 191 3750 monas
224 3673 385 3760 hominia
420 3674 598 3768 appellare
632 3674 878 3746 consuevimus
888 3669 927 3742 Β).
992 3671 1054 3742 Eae
1087 3679 1171 3743 sunt

99 3881 126 3922 ⁷⁸
142 3880 232 3936 'l'hese
257 3879 385 3951 Limitiug
406 3880 544 3934 lustances
568 3895 599 3933 or
639 3877 739 3932 “inter
769 3875 938 3948 putredinem
964 3885 991 3931 et
1021 3874 1171 3947 plantam.”

66 3961 262 4033 “participia''
275 3960 336 4028 (le.
349 3960 486 4029 partakers
502 3958 532 4012 ol
545 3967 597 4012 two
640 3955 721 4012 Some
750 3954 780 4010 ol
806 3953 853 4009 the
880 3952 1042 4024 zoophytes,
1066 3969 1097 4007 or
1126 3950 1172 4006 the

65 4058 96 4095 or
118 4057 194 4095 more
218 4038 308 4102 kinds,
329 4039 388 4110 just
411 4056 440 4092 as
465 4036 510 4091 the
535 4037 598 4090 Par·
641 4033 875 4106 Oruitborhyncus
901 4032 1055 4088 Paradoxus
1082 4030 1172 4086 would

64 4119 153 4190 ticiple
171 4118 201 4172 in
221 4117 363 4172 Grammar
383 4116 550 4187 participates
571 4115 599 4168 in
639 4112 674 4166 be
693 4112 779 4166 better
799 4110 941 4181 exemples.
979 4108 1090 4163 Neitber
1111 4108 1172 4180 Fly·

65 4197 111 4252 tbe
128 4205 225 4254 nature
240 4195 272 4250 of
280 4193 353 4249 Verb
368 4193 421 4250 aud
434 4194 540 4260 Noun,)
553 4211 599 4249 ex·
640 4189 752 4262 ing-fieb
777 4206 827 4244 nor
850 4189 916 4243 Bets
939 4206 984 4243 are
1007 4188 1172 4259 “bulting”

65 4275 134 4331 bibit
150 4293 168 4331 a
185 4273 367 4331 combinatiou
388 4274 419 4329 oi
436 4282 490 4328 two
508 4272 599 4338 kinds,
640 4269 758 4325 between
779 4276 832 4322 two
856 4266 946 4332 kinds,
965 4276 1059 4337 except
1077 4267 1105 4321 iu
1124 4283 1172 4337 ap·

66 4354 119 4409 und
138 4373 170 4409 so
189 4371 261 4409 seem
279 4362 308 4408 to
326 4351 405 4407 stand
418 4351 537 4406 between
554 4351 600 4406 the
640 4365 776 4421 pearaure.

65 4432 194 4505 singular
226 4430 280 4487 and
310 4431 355 4486 the
386 4431 530 4501 Deviating
559 4431 600 4484 iu·
676 4427 702 4469 ⁷⁹
717 4426 784 4481 'l'bis
801 4426 855 4480 line
872 4426 896 4480 ir
913 4423 1013 4498 quoted
1030 4424 1099 4478 from
1115 4422 1173 4477 En·

67 4521 180 4567 mucce
216 4510 333 4566 Becou's
345 4510 478 4580 exemplos
493 4526 537 4563 are
553 4517 601 4563 not
641 4508 702 4562 nius
715 4507 743 4560 in
756 4505 859 4570 Cicero,
872 4505 915 4560 De
924 4504 988 4559 Ναὶ.
998 4503 1080 4557 Deor.
1094 4503 1117 4557 1.
1127 4515 1172 4573 35.

67 4590 244 4662 musbctory.
281 4588 359 4646 Mose
374 4589 397 4643 is
410 4587 494 4661 byuo
508 4605 600 4643 means
676 4585 703 4626 ω
720 4586 762 4658 By
776 4580 1065 4644 lusarcaosrowes
1081 4579 1172 4636 Bacon
