2708 5226
212 588 255 648 ³0
544 585 716 650 NOVUM
740 582 987 649 ORGANUM.

215 750 418 844 corporibus
451 748 681 842 tangibilibus
710 748 925 819 inclusorum
957 748 1056 830 latet,
1088 757 1125 816 et
1155 748 1295 817 homines

214 867 317 961 fugit.
381 862 508 935 Omnis
537 864 645 935 etiam
676 861 840 933 subtilior
868 862 1246 934 meta-schematismos
1268 866 1295 933 in

215 983 374 1074 partibus
400 1003 516 1051 rerum
548 980 753 1049 crassiorum
784 983 904 1071 (quam
932 978 1039 1072 vulgo
1068 978 1296 1049 alterationem

216 1108 452 1181 amanteum
475 1097 521 1167 sit
544 1118 666 1166 revera
691 1094 776 1166 latio
802 1118 866 1186 per
887 1095 1037 1165 minima
1046 1092 1090 1180 ὦ)
1113 1095 1201 1165 latet
1221 1096 1299 1165 simi·

215 1212 316 1283 liter:
347 1223 384 1282 et
411 1221 531 1282 tamen
557 1211 621 1280 nisi
648 1211 719 1280 duo
746 1212 822 1290 ista,
841 1232 919 1301 quae
946 1210 1110 1295 diximus,
1135 1211 1301 1304 explorata

215 1329 346 1399 fuerint
372 1337 410 1399 et
436 1328 471 1397 in
497 1327 613 1397 lucem
641 1328 824 1420 producta,
842 1325 930 1395 nihil
954 1329 1075 1420 magni
1100 1327 1177 1397 fieri
1200 1335 1301 1420 potest

214 1446 250 1514 iu
270 1453 395 1515 natura
412 1444 528 1536 quoad
547 1466 663 1535 opera.
716 1442 851 1513 Rursus
873 1443 949 1534 ipsa
969 1452 1097 1512 natura
1117 1444 1206 1514 airis
1221 1465 1302 1513 com·

214 1563 333 1631 munis
368 1571 405 1631 ct
440 1582 625 1652 corporum
664 1559 834 1640 omnium,
869 1581 947 1651 quae
984 1559 1103 1628 adrem
1142 1560 1303 1630 tenuitate

215 1687 391 1769 superant,
406 1677 498 1768 (quae
516 1675 668 1767 plurima
685 1673 781 1762 sunt)
800 1674 875 1744 fere
892 1675 1075 1768 incognita
1091 1670 1196 1745 est⁶⁶.
1230 1674 1304 1745 Sen-

215 1812 274 1860 sus
300 1792 393 1859 enim
423 1812 484 1881 per
511 1813 548 1858 se
574 1811 629 1859 res
656 1789 796 1860 infirma
822 1798 887 1870 est,
915 1801 953 1860 et
980 1790 1166 1861 aberrans:
1204 1813 1304 1884 neque

216 1927 348 1998 organa
372 1904 417 1974 acl
443 1904 708 1997 amplificandos
731 1927 853 1974 sensus
875 1913 939 1974 aut
963 1907 1143 1976 acuendos
1164 1907 1305 1976 multum

217 2019 357 2102 valent3
388 2020 449 2090 sed
474 2021 588 2090 omnis
610 2021 724 2090 verior
748 2021 995 2112 interpretatio
1017 2031 1155 2091 naturae
1178 2022 1306 2093 confici·

216 2145 276 2205 tur
301 2158 364 2228 per
387 2136 580 2216 instantias,
600 2144 638 2206 et
660 2136 906 2228 experimenta
929 2135 1058 2206 idonea
1079 2147 1118 2207 et
1138 2138 1305 2230 apposita;

216 2252 275 2322 ubi
302 2274 424 2322 sensus
449 2252 496 2322 de
522 2253 767 2344 experimento
791 2259 943 2333 tantum,
962 2252 1249 2344 experimentum
1270 2253 1307 2321 de

216 2378 342 2438 natura
359 2378 396 2439 et
415 2390 452 2438 re
469 2368 544 2461 ipsa
554 2368 704 2460 judicat.

734 2490 797 2562 LI.

268 2603 478 2676 Intellectus
501 2607 677 2675 humanus
701 2607 812 2676 fertur
835 2608 879 2676 ad
901 2607 1078 2677 abstracta
1097 2618 1242 2703 propter
1257 2634 1310 2681 na-

218 2731 332 2790 turam
360 2723 557 2813 propriam;
588 2729 696 2812 atque
721 2745 772 2806 ea,
790 2747 867 2814 quse
890 2722 986 2793 fluxa
1009 2733 1103 2806 suut,
1121 2725 1227 2820 fingit
1244 2750 1309 2798 ease

217 2838 425 2906 constantie.
479 2835 613 2907 Melius
638 2847 758 2907 autem
786 2850 840 2908 est
867 2848 1029 2908 naturam
1056 2862 1187 2924 secare,
1214 2866 1309 2935 quam

217 2950 438 3033 abstrahere;
466 2953 500 3022 id
519 2954 613 3045 quod
633 2953 830 3025 Democriti
855 2954 974 3026 schola
998 2956 1094 3037 fecit,
1113 2982 1191 3050 qua>
1208 2960 1311 3054 magis

218 3068 416 3160 penetravit
436 3070 469 3137 in
489 3078 662 3152 naturam,
677 3095 782 3162 quam
801 3066 996 3162 reliquae⁶⁷.
1034 3071 1191 3145 Materia
1203 3078 1312 3168 potius

219 3185 428 3255 considerari
456 3185 572 3267 dehet,
599 3196 636 3255 et
664 3187 739 3278 ejus
765 3187 1014 3269 schematismi,
1041 3197 1077 3257 et
1106 3192 1313 3262 meta-sche-

252 3422 317 3477 'l'his
327 3422 472 3495 Aphorism
484 3424 604 3478 contains
616 3423 661 3478 the
673 3442 748 3494 germ
788 3424 877 3478 would
908 3424 949 3488 he,
973 3426 986 3480 l
1013 3444 1139 3497 suppose,
1169 3427 1313 3500 laeucippm

217 3504 248 3558 oi
264 3504 340 3558 those
359 3504 387 3557 in
408 3504 459 3557 Bk.
475 3503 512 3558 ll.
528 3504 645 3574 (a-y.)‚
661 3503 747 3557 which
788 3503 872 3557 alone.
910 3503 1001 3558 Becon
1020 3505 1048 3558 in
1065 3505 1107 3559 his
1121 3507 1209 3578 liking
1221 3508 1262 3561 ior
1274 3505 1314 3560 the

218 3581 336 3636 describe
350 3581 444 3636 Latent
460 3582 571 3636 Proeess
587 3581 639 3635 and
655 3581 747 3636 Struc·
790 3579 977 3651 Philosophers
995 3582 1085 3637 before
1098 3583 1175 3639 Plato
1188 3585 1314 3655 evidently

217 3667 284 3713 ture.
789 3670 920 3714 overrates
934 3659 1003 3715 their
1015 3663 1100 3716 velue.
1139 3663 1314 3718 Heaeemsto

253 3737 279 3775 ⁶³
299 3738 406 3792 “Latio
436 3758 483 3809 per
511 3739 650 3792 minima.”
690 3737 748 3792 'l'he
789 3738 866 3792 think
897 3739 954 3791 that
985 3739 1156 3795 Democritus
1186 3741 1250 3795 with
1277 3740 1314 3794 hit

218 3817 350 3886 language
377 3817 530 3872 afterwards
556 3816 623 3871 used
650 3818 677 3871 in
703 3816 749 3870 the
789 3816 884 3870 Atonrs
910 3815 988 3870 made
1014 3835 1088 3871 more
1112 3837 1170 3890 way
1194 3820 1251 3874 into
1275 3819 1315 3873 the

220 3894 354 3949 Calculus.
789 3893 945 3964 knowledge
958 3895 988 3948 oi
996 3895 1101 3965 Things
1118 3897 1183 3952 than
1197 3897 1243 3953 the
1254 3896 1314 3967 dog·

254 3971 280 4010 ⁶⁶
300 3973 547 4042 Hereiaalonging
558 3972 747 4027 alterhlodern
789 3973 868 4027 matie
882 3972 1070 4043 Philosophers
1085 3973 1145 4028 who
1162 3981 1181 4005 ‘¹
1193 3975 1314 4029 abstruct-

220 4048 380 4122 Chemistry‚
392 4051 482 4104 whose
494 4050 578 4119 grand
591 4051 748 4105 discoveries
790 4051 846 4105 ed’'
858 4050 961 4104 instead
974 4052 1004 4105 ol
1014 4057 1032 4081 “
1041 4051 1209 4123 dissectiug”
1218 4063 1314 4108 natura

221 4130 312 4184 Bacon
334 4129 422 4183 would
446 4127 513 4183 have
538 4146 568 4182 so
588 4128 700 4199 rejoiced
720 4140 749 4184 to
791 4130 834 4184 He
847 4128 964 4199 thought
975 4129 1033 4183 that
1045 4131 1090 4184 the
1102 4131 1210 4186 Atomic
1222 4141 1314 4202 system

220 4214 321 4261 aee-“
333 4225 393 4279 quae
414 4210 501 4261 adrem
522 4207 649 4261 tenuitate
670 4225 749 4278 snpe-
789 4207 956 4280 approached
972 4226 1045 4262 more
1061 4211 1151 4280 nearly
1163 4218 1191 4263 to
1205 4228 1221 4264 a
1234 4210 1314 4264 diaco·

219 4286 406 4341 rant”-auch
421 4304 450 4340 aa
463 4285 567 4339 eamus
586 4303 669 4356 gaesa,
682 4288 748 4340 elec·
790 4305 853 4358 very
876 4286 906 4340 ol
929 4295 1062 4340 structure
1088 4287 1140 4341 and
1167 4288 1269 4360 change
1289 4285 1316 4340 oi

218 4367 314 4436 tricity‚
327 4365 404 4436 light,
418 4365 467 4418 dcc.
791 4374 931 4420 structure.
953 4364 1025 4419 'Ihat
1037 4365 1158 4420 however
1169 4366 1204 4420 he
1216 4365 1260 4420 did
1271 4371 1312 4419 not

254 4443 280 4484 ⁶⁷
302 4445 472 4499 Democritus
498 4441 529 4496 oi
549 4442 657 4496 Abdera
681 4441 749 4496 tlon·
791 4445 900 4514 entirely
918 4461 1033 4514 approve
1051 4444 1082 4498 os
1097 4444 1169 4498 them
1187 4445 1211 4499 ia
1228 4442 1310 4498 visiblo

218 4524 306 4578 rished
319 4528 347 4578 at
358 4523 403 4577 the
415 4523 479 4576 tium
491 4522 522 4576 of
531 4521 575 4576 the
586 4521 749 4592 Peloponne·
790 4523 859 4578 from
870 4523 939 4576 inira
953 4521 975 4577 1.
985 4535 1028 4592 57.

219 4605 274 4657 sian
288 4603 355 4657 War
372 4602 418 4667 (B.
429 4600 461 4655 C.
475 4604 548 4671 431).
587 4600 640 4654 llis
658 4599 750 4655 school
