2708 5226
194 524 261 588 ὅθί)
526 522 702 590 NOVUM
724 523 980 589 ORGANUM.

196 690 333 783 patitur
357 697 419 761 aar
443 696 507 761 aut
531 691 676 783 spiritus
693 688 1017 761 comminutionem
1034 690 1092 759 sui
1108 690 1157 760 ad
1173 697 1296 762 taam

191 804 451 887 subtilitatem
478 805 781 898 quemadmodum
795 813 834 876 et
851 829 948 899 aqua
964 806 1067 877 exire
1086 816 1227 878 recusat
1241 830 1295 901 per

197 923 324 994 rimam
340 921 589 994 minusculam.

239 1037 305 1130 (2.)
322 1039 381 1111 De
396 1038 554 1111 secundo
570 1060 652 1108 vero
669 1038 777 1109 modo
794 1060 840 1109 ex
857 1045 1000 1131 septem
1019 1038 1201 1131 praedictis
1218 1039 1297 1110 illud

197 1155 357 1248 inprimis
382 1154 582 1225 notandum
607 1162 671 1237 est,
693 1154 810 1226 valere
834 1162 936 1224 certe
961 1156 1245 1248 compreaeiones
1265 1165 1298 1227 et

197 1270 404 1364 hujusmodi
423 1270 608 1342 violentias
630 1271 676 1341 ad
699 1278 838 1341 motum
855 1268 1022 1351 localem,
1039 1279 1154 1364 atque
1177 1272 1247 1343 alis
1266 1272 1297 1342 id

195 1409 318 1481 genus,
330 1387 588 1479 potentissime;
606 1388 697 1457 utin
714 1384 888 1456 machinis
906 1394 948 1457 et
965 1386 1179 1458 missilibus:
1196 1390 1297 1459 edam

195 1502 241 1572 ad
258 1501 534 1573 destructionem
551 1501 704 1594 corporis
727 1502 895 1595 organici,
912 1509 1025 1592 atque
1050 1524 1178 1573 earnm
1197 1503 1298 1573 virtu-

196 1622 382 1708 tumque
396 1615 594 1686 consistunt
610 1615 716 1709 plane
733 1617 771 1688 in
788 1625 902 1686 motu.
955 1614 1091 1688 Omnis
1107 1619 1207 1689 enim
1225 1621 1297 1700 rita,

197 1729 308 1803 immo
334 1732 444 1801 etiam
470 1733 585 1802 omnis
612 1731 756 1803 flamma
782 1741 821 1804 ot
848 1732 988 1825 ignitio,
1017 1732 1222 1804 destruitur
1245 1757 1298 1828 per

196 1847 493 1939 compressiones;
527 1855 568 1917 ut
593 1856 633 1919 et
657 1848 774 1919 omnis
798 1847 966 1918 machina
994 1850 1243 1943 corrumpitur
1265 1862 1298 1921 et

195 1960 426 2034 confimditur
441 1985 505 2055 per
520 1962 674 2036 easdem.
726 1962 848 2037 Etiam
866 1963 912 2033 ad
931 1962 1219 2036 destructionem
1236 1967 1296 2036 vir·

196 2086 327 2161 tutum,
353 2101 432 2172 quae
460 2079 659 2151 consistunt
685 2080 722 2151 in
752 2079 927 2173 posituris,
954 2088 994 2150 et
1021 2079 1298 2152 dissimilaritatc

195 2196 350 2288 partium
374 2194 482 2288 paulo
506 2196 699 2279 crassiore;
726 2196 822 2266 utin
838 2193 1018 2266 coloribus
1038 2195 1179 2289 (neque
1205 2199 1297 2270 euim

195 2311 293 2383 idem
314 2310 412 2383 color
434 2311 530 2384 floris
554 2313 684 2407 integri
707 2321 746 2384 ot
771 2311 924 2394 contusi,
941 2333 1061 2404 neque
1086 2315 1226 2384 succini
1249 2315 1297 2384 in·

195 2429 288 2522 tegri
304 2437 344 2500 et
359 2426 596 2520 pulverizati).
647 2424 772 2498 Etiam
789 2427 826 2497 in
851 2427 1037 2519 saporibus
1056 2428 1196 2521 (neque
1210 2432 1298 2500 enim

195 2545 293 2616 idem
321 2567 423 2637 sapor
449 2547 526 2637 pyri
555 2544 748 2626 immaturi,
775 2553 813 2614 et
843 2543 1005 2634 ejusdem
1035 2548 1233 2638 compressi
1260 2569 1297 2616 ac

196 2661 352 2745 subacti3
374 2682 458 2729 nam
475 2659 665 2731 manifesto
684 2658 910 2731 dulcedinem
927 2661 1104 2751 majorem
1122 2663 1297 2755 concipit).

195 2774 335 2847 Verum
360 2774 406 2845 ad
432 2776 757 2848 transformationes
784 2785 822 2845 et
848 2774 1081 2847 alterationes
1114 2778 1298 2850 nobiliores

200 2914 386 2983 corporum
411 2890 622 2963 similarium
648 2915 720 2964 non
746 2891 902 2962 multum
924 2892 1048 2962 valent
1073 2895 1152 2964 istae
1175 2895 1299 2965 violen-

200 3009 280 3089 tiae3
306 3009 390 3099 quia
406 3028 551 3099 corpora
568 3031 632 3101 per
649 3032 707 3079 eas
730 3032 802 3079 non
825 3009 1016 3098 acquirunt
1034 3012 1297 3084 consistentiam

200 3124 356 3215 aliquam
380 3146 510 3193 novam
526 3134 751 3197 constantem
767 3135 806 3196 et
823 3125 1080 3216 quiescentem,
1097 3129 1163 3198 scd
1182 3130 1297 3199 transi-

201 3242 329 3312 toriam
345 3251 383 3311 et
403 3241 579 3311 nitentem
605 3264 744 3333 semper
764 3241 810 3313 ad
835 3241 1104 3312 restitutionem
1122 3254 1163 3314 et
1180 3244 1297 3314 libera·

200 3359 335 3430 tionem
352 3359 417 3429 sui.
450 3355 627 3429 Attamen
644 3382 717 3428 non
733 3359 795 3429 abs
812 3379 850 3426 re
867 3357 972 3440 foret,
990 3358 1099 3451 hujus
1118 3362 1170 3432 rei
1189 3361 1297 3433 facere

201 3478 446 3570 experimenta
461 3473 579 3565 aliqua
596 3474 840 3568 diligentiora;
865 3474 910 3544 ad
928 3474 997 3546 hoc
1015 3475 1165 3558 scilicet,
1183 3487 1297 3548 utrum

180 3583 428 3666 ⁴condensatio
455 3592 608 3684 corporis
635 3592 726 3662 bene
753 3590 925 3672 similaris,
956 3591 1094 3683 (qualia
1121 3606 1208 3665 sunt
1232 3597 1296 3678 adr,

199 3734 299 3803 aqua,
318 3710 446 3790 oleum,
464 3718 503 3779 et
519 3707 736 3799 hujusmodi)
755 3717 818 3778 aut
838 3706 1037 3789 rarefactio,
1055 3709 1225 3781 similiter
1240 3732 1296 3802 per

199 3826 404 3896 violentiam
430 3825 553 3904 indita,
579 3825 714 3917 possint
739 3823 815 3893 fieri
845 3831 1052 3895 constantes
1079 3834 1120 3897 et
1149 3828 1237 3909 fixae,
1263 3835 1296 3896 et

200 3946 298 4037 quasi
316 3951 462 4014 mutatae
478 3944 515 4012 in
533 3952 706 4013 naturam.
732 3939 777 4011 Id
793 3941 889 4032 quod
905 3941 1021 4034 primo
1038 3946 1294 4036 experiendum

200 4084 264 4155 per
280 4081 415 4129 moram
432 4059 650 4151 simplicem
668 4057 798 4129 deinde
814 4080 877 4151 per
892 4057 1029 4128 auxilia
1045 4070 1085 4129 et
1102 4081 1297 4132 consensus.

201 4175 323 4267 Atque
340 4175 428 4247 illud
445 4176 547 4246 uobis
564 4178 601 4246 in
617 4182 785 4269 promptu
803 4173 938 4254 fuisset,
958 4174 1004 4261 (si
1021 4174 1132 4247 modo
1151 4178 1189 4248 in
1205 4198 1298 4248 men·

201 4303 276 4366 tem
293 4294 460 4386 venisset)
478 4315 560 4363 cum
577 4315 706 4385 aquam
724 4291 785 4384 (de
802 4313 872 4384 qua
894 4288 979 4361 alibi
988 4287 1030 4385 ¹³)
1048 4317 1116 4387 per
1133 4294 1299 4367 malleati·

400 4508 423 4548 ¹³
440 4513 458 4539 “
468 4507 501 4564 da
512 4526 566 4580 qua
577 4508 640 4564 alibi
649 4509 677 4564 :'’
696 4526 734 4566 sc.
748 4527 830 4583 supra
843 4507 880 4564 11.
895 4521 939 4580 45·
952 4505 988 4562 ad
1000 4507 1094 4566 finem·
