2708 5226
206 524 272 592 aio
530 525 708 593 Novum
730 523 979 590 ORGANUM.

206 691 395 763 commoda
420 690 606 761 bominum
632 690 788 759 innuunt
813 697 879 760 aut
907 688 1113 783 designaut
1167 685 1301 759 Etenim

205 807 320 899 ipsum
334 815 491 902 possset
507 807 623 899 ipsum
639 803 738 886 scira
755 813 921 876 naturam
943 804 1142 875 humanam
1165 804 1304 897 ampliti-

206 932 300 1004 cant,
316 946 388 994 non
407 924 527 995 beant
578 921 708 1014 Itaque
725 921 951 1014 decerpenda
972 928 1061 991 sunt
1077 943 1127 991 ex
1144 919 1304 990 universi·

206 1047 283 1110 tate
299 1061 417 1110 rerum
434 1061 479 1110 ea
495 1061 576 1131 quoe
592 1038 637 1108 ad
657 1059 741 1108 neus
758 1038 843 1108 vitae
860 1037 1019 1108 maxime
1036 1036 1189 1107 faciunt
1238 1034 1305 1107 Vc·

206 1175 287 1224 rum
312 1153 359 1225 de
384 1154 427 1225 iis
451 1155 520 1225 erit
544 1153 656 1247 magis
680 1153 840 1246 proprius
864 1151 1009 1223 dicendi
1025 1149 1141 1234 locus,
1159 1174 1241 1223 cum
1256 1149 1305 1222 dc·

207 1266 383 1340 ductiones
407 1266 456 1339 ad
473 1269 618 1364 prosim
641 1268 883 1340 tractabimus.
935 1265 1152 1350 Quinetiam
1177 1267 1304 1360 inipso

208 1408 314 1478 opere
327 1383 620 1478 interpretationis
632 1385 725 1454 circa
740 1382 881 1475 singula
897 1381 1071 1474 subjecta,
1084 1381 1208 1453 locum
1223 1404 1306 1452 sem·

206 1523 272 1592 per
296 1496 426 1570 claros
450 1496 619 1581 canona,
637 1498 711 1567 sive
736 1493 867 1568 charta
893 1496 1059 1590 oplzticoe
1084 1499 1305 1593 mignamm

207 1611 354 1686 Etenim
371 1625 410 1689 et
425 1636 581 1708 quarere
603 1623 643 1685 et
664 1621 788 1706 optare
810 1635 883 1683 non
905 1612 1041 1706 inepte,
1060 1635 1145 1707 pars
1159 1614 1306 1686 scientia

207 1737 274 1801 est.

258 1974 359 2047 Inter
378 1975 631 2074 proeroyaticas
657 1975 903 2048 instantiarum
923 1999 1100 2071 ponemus
1126 1976 1307 2051 laconice

206 2091 298 2164 simo
314 2101 418 2162 sexto
436 2091 620 2162 instantias
631 2089 868 2187 polychronias
878 2089 901 2163 ⁷.
945 2092 1008 2164 Eae
1024 2102 1123 2177 sunt,
1140 2117 1222 2188 qua
1236 2115 1306 2188 pcr-

207 2210 328 2280 tinent
343 2209 388 2279 ad
405 2210 510 2290 varia,
528 2218 567 2279 et
588 2208 714 2301 sapius
730 2218 942 2292 occurrunt3
969 2210 1127 2303 ideoque
1143 2233 1260 2304 operae
1274 2218 1307 2281 et

207 2325 309 2396 novis
333 2323 600 2419 probationibus
625 2323 721 2394 haud
747 2347 873 2417 parum
898 2333 1064 2418 parcunt.
1115 2323 1244 2417 Atque
1268 2324 1307 2392 de

206 2440 454 2511 instrumentis
478 2441 563 2533 ipsis
587 2448 697 2532 atque
722 2437 1046 2533 ingeniationibns⁸
1061 2441 1228 2533 proprius
1246 2441 1307 2511 en't

209 2557 350 2629 dicendi
376 2556 483 2638 locus,
507 2579 589 2626 cum
615 2553 831 2626 deductiones
861 2554 909 2625 ad
927 2554 1076 2649 pravior
1105 2564 1145 2627 et
1176 2556 1307 2649 experi-

207 2672 391 2742 mentandi
409 2672 533 2741 modos
551 2672 791 2742 tractabimus.
843 2671 939 2754 Quin
964 2671 1076 2741 etiam
1095 2695 1176 2763 quae
1198 2671 1306 2741 adhuc

207 2790 352 2882 cognita
368 2797 461 2869 sunt
479 2797 518 2859 et
534 2788 572 2857 in
589 2809 693 2857 usum
711 2796 896 2870 venerunt,
916 2787 952 2855 in
976 2786 1137 2857 historiis
1162 2788 1306 2881 particu-

207 2906 339 2975 laribus
369 2903 588 2997 singularum
613 2906 743 2974 artium
770 2904 1024 2975 describentur.
1079 2902 1124 2973 In
1152 2905 1308 2998 praesenti

207 3031 329 3091 autem
360 3019 614 3112 subjungemus
643 3021 803 3111 quaedam
837 3019 1012 3090 catholica
1046 3022 1141 3092 circa
1175 3046 1220 3093 ea
1251 3046 1307 3116 pro

208 3137 381 3229 exemplis
398 3145 540 3206 tantum
555 3133 774 3230 podrebrcsti.

146 3294 150 3304 ·
258 3250 437 3344 Operatur
462 3251 571 3344 igitur
593 3250 701 3321 homo
726 3274 832 3344 super
848 3275 994 3345 corpora
1017 3254 1197 3325 naturalia
1215 3254 1308 3347 (pra-

208 3379 265 3440 ter
280 3370 393 3462 ipsam
411 3368 653 3438 admotionem
670 3378 709 3438 et
726 3369 941 3440 amotionem
965 3392 1157 3462 corporum
1181 3369 1307 3463 simpli-

208 3487 301 3574 cem)
325 3494 463 3579 septem
493 3483 667 3577 praecipue
695 3487 830 3557 modis:
857 3508 996 3578 nempe,
1014 3486 1073 3557 vel
1101 3511 1168 3580 per
1192 3486 1307 3558 excin-

208 3763 294 3818 dition
312 3762 343 3817 oi
359 3762 413 3816 lile.
448 3760 507 3815 'l'he
527 3759 625 3815 maxim
647 3758 738 3814 attins
778 3759 934 3831 λυχρησταὶ,
951 3757 1046 3830 things
1066 3762 1203 3834 generally
1217 3761 1307 3822 useful,

207 3841 260 3897 end
279 3840 310 3896 oi
326 3841 371 3894 the
386 3839 539 3910 Aphorism,
552 3845 694 3911 “quaerers
712 3847 738 3892 et
778 3837 832 3892 and
844 3837 989 3907 applicabis
1004 3847 1034 3892 to
1052 3855 1069 3892 a
1086 3849 1163 3909 grcat
1175 3841 1273 3910 ramuy
1283 3838 1310 3892 ol

207 3929 307 3990 optare,
320 3919 388 3973 &c.'’
400 3919 423 3971 is
439 3918 489 3972 but
506 3918 617 3972 another
628 3918 697 3972 form
710 3917 741 3971 oi
778 3917 988 3986 investigationis,
1012 3916 1050 3987 by
1073 3917 1233 3990 shortening
1259 3915 1307 3971 and

207 3999 254 4052 the
274 3998 379 4051 famous
398 4002 416 4026 “
426 3996 547 4050 Prudens
566 3999 679 4069 quaestio
697 4006 738 4051 est
778 3994 1119 4065 facilitatingtheproccss.
1156 3997 1224 4052 This
1237 3996 1307 4051 clas

208 4076 350 4130 dimidium
380 4075 525 4129 scientiae.”
562 4075 618 4130 Not
644 4075 737 4130 undis·
778 4091 827 4128 can
852 4075 915 4144 only
938 4072 972 4127 be
995 4074 1118 4145 partially
1136 4073 1308 4146 invaugased

209 4154 319 4224 carning
339 4154 486 4218 collection,
504 4154 555 4208 but
571 4155 634 4208 wisc
656 4155 737 4208 selec·
778 4152 856 4206 here:
875 4152 917 4206 ior
934 4151 955 4204 it
972 4151 1095 4206 includes
1107 4154 1137 4206 in
1149 4154 1204 4208 fact
1217 4155 1308 4208 almost

206 4233 275 4297 tion,
294 4233 317 4286 is
336 4232 382 4286 the
402 4241 477 4303 great
497 4232 633 4303 principle.
670 4232 738 4287 lna
778 4248 856 4303 every
865 4230 943 4301 thing
955 4230 1103 4285 connected
1112 4232 1179 4285 with
1193 4231 1308 4303 Physical

207 4310 360 4383 ponderans
383 4328 441 4381 way
464 4310 509 4365 the
532 4311 618 4366 whole
640 4311 672 4365 ol
692 4310 737 4364 the
778 4308 924 4380 discovery.

208 4397 227 4422 “
238 4390 490 4461 Prerogativss”are
499 4389 632 4460 supposed
642 4399 669 4445 tc
678 4390 737 4445 lead
813 4388 827 4426 ⁸
840 4386 1045 4460 luganiationcs.
1063 4387 1132 4444 This
1145 4389 1220 4446 word
1231 4391 1255 4444 is
1266 4397 1309 4443 not

208 4469 323 4526 towards
334 4469 388 4523 thia
400 4468 463 4524 end.
779 4466 866 4522 latim
903 4466 1060 4538 luganiatna
1071 4467 1106 4523 is.

243 4551 256 4592 ⁷
274 4548 440 4606 “Instantius
460 4546 668 4620 polycbrastasss’
688 4569 736 4604 πο·
