2708 5226
204 525 247 592 56
528 524 702 590 NOVUM
725 522 973 589 ORGANUM.

206 692 409 765 omnimoda
434 694 663 785 experientia,
690 694 843 785 primunr
875 692 1036 764 inventio
1061 701 1290 763 canmrumct

206 809 425 879 axiomatum
447 829 610 879 verorum
636 808 810 880 elicienda
836 817 909 878 est:
936 816 976 878 et
1000 806 1151 879 lucifera
1174 807 1291 901 expeti

208 934 339 1008 menta,
367 947 438 995 non
470 924 654 996 fructifera
680 921 917 1016 quaerendaffi.
970 922 1166 994 Axiomata
1190 931 1292 994 auton

208 1050 304 1113 recte
334 1041 480 1112 inventa
510 1049 549 1111 et
578 1041 772 1110 constituta
800 1040 927 1132 praxin
958 1061 1032 1109 non
1061 1039 1221 1121 strictim,
1244 1037 1293 1108 ssd

208 1158 397 1229 confertim
415 1158 615 1239 instruunt;
642 1166 680 1226 et
697 1177 845 1248 operum
862 1156 1006 1248 agmina
1024 1177 1066 1225 ac
1084 1164 1218 1225 turmas
1231 1158 1295 1245 post

208 1299 248 1358 se
264 1275 423 1345 trahunt.
473 1271 610 1343 Verum
630 1272 676 1342 de
694 1271 898 1364 experiendi
919 1271 993 1353 viis,
1012 1295 1094 1364 quaa
1110 1293 1182 1342 non
1199 1270 1295 1339 minu

210 1415 317 1486 quam
334 1392 401 1461 viae
412 1388 598 1482 judicandi
615 1389 766 1459 obsessae
790 1398 875 1458 sunt
901 1398 939 1458 et
964 1387 1178 1472 interclusae,
1194 1394 1297 1480 postet

211 1510 387 1588 dicemus;
415 1504 732 1598 impraesentiarum
756 1505 801 1576 de
826 1505 1049 1599 experientia
1071 1505 1219 1601 vulgari,
1237 1514 1298 1575 tan·

212 1647 318 1717 qnam
345 1624 391 1693 de
416 1622 509 1694 mala
535 1625 845 1705 demonstratione,
863 1632 1005 1695 tantum
1032 1623 1186 1717 loquuti.
1231 1621 1299 1692 Jan
1342 1680 1344 1689 ,

213 1763 296 1811 vero
313 1738 471 1833 postulat
488 1740 575 1809 ordo
592 1762 721 1823 rerum,
739 1749 781 1809 ut
802 1738 847 1809 de
871 1739 924 1822 iis,
942 1739 1219 1833 quorumpaulo
1233 1746 1300 1809 unte

212 1856 432 1928 mentionem
469 1855 628 1938 fecimus,
663 1855 771 1950 signis
787 1850 826 1938 ³⁶,
862 1856 972 1946 (quod
1012 1854 1242 1949 philosophie
1272 1861 1301 1921 et

213 1971 532 2065 contemplationes
559 1973 595 2041 in
621 1994 688 2041 usu
714 1970 807 2042 male
832 1994 871 2042 se
895 1969 1067 2060 habeant)
1086 1981 1126 2041 et
1146 1968 1301 2042 decausis

214 2090 265 2161 rei
283 2089 397 2181 primo
415 2089 547 2158 intuitu
566 2097 641 2157 tam
658 2087 827 2159 mirabilis
851 2097 890 2159 et
913 2085 1144 2169 incredibilis,
1160 2085 1302 2179 quaedam

215 2206 478 2298 subjungamus,
539 2203 732 2297 Signornm
758 2206 853 2275 enim
880 2206 980 2274 notio
1006 2212 1182 2298 praeparat
1205 2222 1304 2274 amen·

215 2346 314 2394 sum:
341 2344 526 2393 causarum
545 2342 628 2391 vero
646 2320 837 2413 explicatio
855 2318 952 2390 tollit
969 2318 1195 2391 miraculum.
1231 2317 1304 2401 Qua

216 2439 288 2509 duo
304 2438 350 2508 ad
368 2437 645 2528 extirpationem
662 2431 836 2506 idolorum
854 2458 901 2505 ex
918 2433 1111 2507 intellectu
1129 2434 1306 2506 faciliorem

217 2566 255 2628 et
271 2555 540 2626 clementiorem
559 2552 714 2622 multum
726 2554 866 2645 juvant.

684 2733 861 2805 Lxxl.³⁷

271 2837 446 2918 Scientiae,
477 2859 563 2929 quas
598 2836 779 2918 habemus,
811 2836 884 2907 fere
914 2859 936 2905 a
966 2835 1100 2906 Graccis
1132 2835 1310 2906 fluxerunt.

221 2955 310 3038 Quae
338 2954 432 3023 enim
461 2954 647 3045 scriptores
675 2951 839 3034 Romani,
862 2949 1091 3035 autumnas,
1118 2953 1312 3023 aut'reeen-

222 3072 328 3141 tiores
345 3068 569 3148 addiderunt,
584 3091 654 3137 non
673 3067 799 3150 multa,
814 3075 876 3137 aut
894 3069 1013 3160 magni
1031 3068 1205 3137 momenti
1221 3074 1312 3136 sunt:

222 3197 260 3257 et
283 3185 540 3279 qualiacunque
567 3185 648 3268 sint,
668 3184 817 3255 fundata
842 3191 926 3254 sunt
951 3206 1056 3277 super
1077 3183 1178 3254 basin
1204 3201 1313 3254 eorum

223 3324 299 3394 quae
317 3301 462 3369 inventa
478 3309 561 3367 sunt
578 3321 599 3367 a
617 3298 760 3368 Graecis.
799 3297 885 3368 Erat
901 3307 1023 3368 antem
1042 3299 1217 3397 sapientia
1232 3296 1314 3367 Gre-

258 3541 284 3580 35
303 3538 384 3610 light
415 3536 467 3591 and
500 3534 656 3605 knowledge
687 3535 753 3589 lirst.
795 3535 828 3590 ed
847 3545 875 3590 to
894 3535 994 3590 believe
1012 3535 1070 3589 that
1091 3535 1126 3590 he
1148 3534 1273 3606 regarded
1288 3533 1316 3588 all

226 3619 363 3675 Fruitwill
383 3617 470 3670 follow
485 3616 512 3669 in
531 3615 583 3668 due
602 3615 673 3669 time.
711 3613 754 3667 Cf.
796 3614 920 3685 thinking
932 3613 1091 3668 menashis
1104 3615 1193 3668 rivale.
1220 3614 1270 3668 His
1280 3630 1316 3666 ex-

226 3699 547 3827 ¹·t⁹·c¹ll‘.¹⁶²1ff'cn.
797 3710 911 3826 1111ῗὲ
921 3692 1318 3826 lhtl‘ffllh

261 3852 286 3893 ⁸7
304 3851 370 3905 This
383 3850 453 3920 Aph.
467 3849 704 3904 containsalierce
717 3858 756 3902 at·
797 3848 874 3903 those
893 3850 972 3903 times
990 3850 1019 3903 in
1038 3849 1125 3903 which
1146 3851 1238 3904 Bacon
1257 3844 1317 3902 lived

227 3932 289 3986 taclr
297 3947 333 3984 on
342 3928 388 3982 the
397 3927 471 3982 older
480 3936 611 3998 systemsz
630 3927 683 3982 and
696 3927 758 3982 here
798 3944 874 3989 were,
882 3927 912 3980 of
921 3928 957 3981 all
965 3927 1065 3990 others,
1073 3928 1119 3982 the
1131 3927 1197 3999 days
1208 3928 1236 3983 in
1243 3923 1319 3980 which

228 4028 257 4063 as
277 4005 358 4062 much
377 4024 406 4059 aa
425 4023 478 4076 any
493 4004 580 4058 where
598 4023 636 4059 we
655 4024 698 4060 are
717 4007 757 4059 in·
798 4005 900 4060 theold
912 4005 1317 4076 lostallitsfictitious,andper-

229 4086 316 4142 clined
343 4093 372 4138 to
402 4100 449 4153 say
472 4082 537 4136 with
562 4082 615 4135 Mr.
630 4084 758 4148 Maurice,
799 4085 995 4155 hnpssomeol
1004 4085 1113 4149 itsreal,
1126 4086 1211 4140 ralue.
1244 4085 1319 4139 'l'hem

229 4172 248 4196 ‘⁴
262 4165 353 4218 Bacon
369 4160 448 4216 sailed
466 4161 495 4214 in
511 4159 556 4213 the
574 4159 687 4234 homage
706 4163 759 4217 due
800 4172 873 4218 must
892 4162 925 4217 be
943 4162 1107 4218 lconoclasts
1123 4163 1260 4219 whenever
1276 4176 1320 4232 any

229 4253 258 4299 to
278 4243 321 4297 his
340 4248 414 4311 great
435 4237 645 4308 predecessors.”
683 4241 710 4295 ll
726 4242 760 4296 he
799 4242 876 4312 thing
889 4250 963 4313 great
975 4242 998 4295 is
1011 4241 1175 4297 tobedone
1213 4242 1319 4297 Butone

230 4321 283 4377 had
291 4317 472 4391 onlydiffered
480 4315 629 4371 lroruthem
640 4319 661 4373 it
673 4320 760 4391 might
800 4320 888 4391 might
903 4319 970 4375 have
987 4319 1076 4391 hopcd
1092 4320 1150 4375 that
1162 4321 1207 4375 the
1218 4324 1319 4392 graleu

230 4401 298 4457 have
309 4396 485 4455 becnborne:
503 4394 594 4450 buthe
606 4397 661 4450 also
673 4398 759 4454 shews
800 4397 889 4452 minda
901 4398 990 4453 would
1010 4399 1077 4454 hare
1096 4399 1173 4454 acted
1192 4418 1222 4455 aa
1239 4397 1316 4454 modu

231 4498 262 4535 so
280 4473 432 4546 unfriendly
451 4492 468 4528 a
488 4474 564 4545 spirit
583 4475 697 4530 towards
717 4477 759 4531 his
800 4486 895 4540 rators,
921 4486 968 4531 not
993 4477 1137 4532 inflamers.
1180 4478 1231 4533 Sco
1253 4475 1316 4531 Colo

231 4554 462 4630 contemporaries,
478 4552 536 4608 that
556 4569 607 4606 ono
627 4553 650 4607 ia
666 4555 760 4611 inclin-
801 4555 900 4626 ridge’s
914 4555 1019 4621 Friend,
1033 4574 1055 4611 s.
1071 4556 1109 4611 ll.
1122 4557 1217 4629 Esaay.
