2708 5226
125 589 170 650 84
456 584 629 650 NOVUM
652 581 905 648 ORGANUM.

127 762 187 824 tur
211 752 325 823 latens
352 761 390 822 et
416 751 566 833 occulta,
592 752 630 821 in
656 749 736 821 aliis
762 747 955 819 manifesta
984 749 1044 830 sit,
1070 754 1108 817 et
1132 744 1211 838 quasi

126 866 335 963 palpabilis3
359 876 467 961 atque
485 869 522 937 in
540 866 611 937 illis
627 865 912 947 admirationem,
931 866 968 934 in
986 861 1042 935 his
1059 886 1104 934 ne
1118 873 1214 933 atten-

128 986 263 1056 tionem
290 986 434 1077 quidem
460 995 616 1054 moveat.
675 981 730 1052 Ut
754 982 797 1052 fit
824 983 862 1051 in
888 988 1020 1050 natura
1043 981 1215 1051 consisten-

128 1103 188 1173 tiae
197 1098 234 1184 ⁹⁴,
253 1125 330 1194 quae
356 1103 393 1171 in
420 1100 517 1193 ligno
543 1097 600 1168 vel
626 1097 744 1190 lapide
770 1120 842 1168 nou
867 1106 1027 1183 notatur,
1047 1098 1109 1167 sed
1130 1095 1215 1167 solidi

126 1218 366 1312 appellatione
383 1216 649 1299 transmittitur,
668 1237 785 1307 neque
801 1214 956 1307 amplius
973 1214 1021 1285 de
1038 1214 1122 1308 fuga
1136 1235 1217 1306 sepe

127 1336 275 1408 rationis
301 1344 365 1405 eut
392 1332 577 1404 solutionis
608 1331 855 1402 continuitatis
884 1330 1098 1424 inquiritur:
1132 1340 1166 1401 at
1187 1331 1218 1399 in
1260 1300 1262 1375 3

124 1474 299 1544 equamm
317 1450 423 1521 bullis
440 1450 566 1521 eadem
582 1470 639 1519 rea
657 1449 801 1519 videtur
816 1448 958 1519 subtilis
975 1458 1016 1520 et
1034 1448 1218 1542 ingeniosa3

129 1593 207 1662 quae
223 1568 329 1639 bullae
345 1591 383 1638 se
401 1567 594 1658 conjiciunt
610 1567 647 1636 in
667 1564 852 1658 pelliculas
868 1566 1055 1659 quasdam,
1072 1567 1110 1636 in
1125 1564 1220 1637 hemi·

129 1685 268 1778 sphaerii
286 1686 437 1754 formam
457 1683 595 1754 curiose
618 1681 763 1764 effictas,
781 1691 824 1751 nt
839 1683 884 1753 ad
901 1690 1130 1753 momontum
1145 1691 1220 1753 tem·

129 1803 224 1895 poris
240 1802 398 1872 evitetur
413 1798 543 1870 solutio
560 1799 818 1869 continuitatis.

181 1917 305 2009 Atque
330 1938 471 2009 prorsus
496 1915 557 1986 illa
582 1915 669 2008 ipsa,
686 1938 764 2007 quoe
786 1915 966 1986 habentur
991 1939 1057 2010 pro
1082 1918 1220 2000 secretis,

131 2036 168 2104 in
196 2032 273 2104 aliis
302 2033 435 2104 habent
464 2042 627 2104 naturam
658 2031 885 2103 manifestam
915 2041 956 2103 et
984 2054 1221 2116 communem

131 2172 209 2242 quae
238 2172 422 2241 nunquam
457 2171 495 2219 se
528 2148 628 2219 dabit
662 2148 960 2240 conspiciendum,
990 2151 1021 2221 si
1052 2150 1222 2221 hominum

130 2267 376 2360 experimenta
399 2273 464 2334 aut
488 2261 807 2357 contemplationes
831 2265 869 2335 in
891 2264 963 2336 illis
985 2266 1075 2360 ipsis
1097 2275 1223 2337 tanturn

128 2392 328 2455 versentur.
385 2380 610 2452 Generaliter
638 2390 758 2452 autem
790 2391 829 2453 et
855 2381 974 2477 vulgo,
1006 2385 1044 2453 in
1073 2383 1224 2478 operibus

131 2498 346 2570 mechanicis
367 2497 545 2568 habentur
567 2520 630 2589 pro
650 2498 752 2567 novis
768 2498 930 2581 inventis,
948 2500 979 2570 si
997 2500 1077 2593 quis
1092 2501 1224 2595 jampri-

133 2617 214 2686 dem
240 2617 386 2684 inventa
411 2613 578 2685 subtilius
600 2612 724 2707 poliat,
742 2616 799 2686 vel
826 2625 929 2686 ornet
954 2616 1162 2712 elegantius,
1177 2615 1223 2688 vel

131 2731 236 2802 simul
273 2732 375 2801 uniat
408 2740 446 2802 et
480 2740 679 2823 componat
710 2730 768 2803 vel
802 2754 884 2802 cum
917 2756 986 2804 usu
1018 2735 1224 2806 commodius

132 2848 288 2941 copulet,
305 2857 368 2917 aut
390 2870 477 2940 opus
500 2848 641 2939 majore,
660 2857 723 2918 aut
744 2849 854 2918 etiam
871 2850 1018 2932 minore,
1038 2875 1145 2945 quem
1161 2851 1224 2922 deri

132 2965 324 3045 consuevit,
342 2964 438 3036 mole
456 2963 512 3035 vel
532 2964 711 3034 volumine
728 2963 907 3047 exhibeat,
926 2976 964 3036 et
980 2968 1121 3040 similia

182 3083 311 3173 ltaque
335 3081 482 3150 minime
505 3082 636 3150 mirum
659 3089 725 3163 est,
741 3081 770 3150 si
796 3080 940 3165 nobilia,
957 3093 999 3155 et
1020 3108 1153 3180 genere
1170 3086 1225 3155 hu·

132 3221 239 3268 mano
261 3200 368 3291 digna
390 3199 536 3267 inventa
558 3198 596 3266 in
618 3195 737 3266 lucem
758 3207 920 3268 extracta
936 3223 1009 3271 uon
1028 3202 1111 3286 sint,
1127 3223 1225 3297 quun

133 3315 294 3385 homines
308 3314 508 3405 hujusmodi
523 3314 662 3407 exiguis
675 3314 792 3406 pensis
808 3323 848 3385 et
865 3315 1062 3408 puerilibus
1079 3316 1225 3391 contenti

134 3443 172 3502 et
193 3432 361 3502 delectati
384 3431 538 3513 fuerint;
566 3431 764 3522 quinetiam
787 3431 824 3499 in
851 3430 977 3501 iisdem
1004 3457 1043 3504 se
1069 3456 1224 3530 magnum

134 3548 276 3641 aliquod
295 3557 472 3640 sequutus,
490 3557 554 3618 aut
571 3557 779 3638 assequutus
797 3551 1013 3638 putaverint.

575 3729 800 3801 LXXXIX.

188 3844 319 3939 Neque
349 3846 437 3916 illud
466 3847 808 3940 pretermittendum
842 3858 908 3933 est,
936 3850 1031 3941 quod
1062 3862 1167 3924 nacta
1189 3852 1226 3921 sit

137 4071 203 4125 teral
227 4069 442 4125 circumstances.
484 4071 550 4126 Thia
574 4073 597 4127 is
622 4073 668 4127 the
708 4074 755 4144 ing
775 4073 882 4137 truths;
910 4073 946 4145 by
967 4075 1108 4147 scarching
1127 4085 1173 4131 out
1191 4073 1227 4128 the

137 4166 232 4203 reason
249 4147 281 4201 οἱ
295 4147 341 4201 the
356 4166 462 4203 success
477 4151 508 4205 οἱ
520 4169 594 4205 some
607 4151 667 4205 wild
708 4152 811 4224 history
823 4153 853 4206 of
865 4152 911 4208 the
925 4171 998 4208 sume
1011 4173 1100 4225 power
1111 4173 1139 4210 ae
1150 4157 1172 4210 it
1181 4162 1228 4208 sets

139 4239 217 4284 secte.
260 4225 368 4281 Carried
392 4236 437 4281 too
460 4229 508 4293 lar,
528 4230 582 4284 and
603 4249 667 4285 con·
708 4229 795 4285 under
806 4229 929 4286 different
940 4233 1145 4289 circumstances
1156 4234 1201 4288 dre.

138 4305 232 4362 nected
253 4304 316 4359 with
340 4305 386 4359 the
407 4305 593 4377 imaginando,
615 4309 668 4364 this
745 4308 771 4347 Ν
788 4308 826 4363 So
846 4311 950 4382 gmvity
968 4312 991 4366 ia
1012 4313 1157 4368 notioeable
1175 4313 1228 4366 ina

139 4383 341 4442 one-sideduess
376 4383 499 4440 becomes
534 4387 667 4444 madness.
710 4388 803 4458 falling
820 4390 906 4458 epple,
924 4389 975 4444 but
992 4408 1084 4460 pauses
1100 4386 1226 4447 unheedtd

139 4465 197 4521 But
213 4462 301 4518 Truth
319 4463 342 4517 is
361 4463 486 4518 obtained
505 4464 541 4537 by
559 4466 670 4536 diligent
709 4468 915 4539 iuarevolving
926 4468 1018 4524 world.
1054 4475 1073 4500 “
1086 4470 1227 4526 Consisten·

139 4544 264 4600 collation
277 4541 308 4596 oi
320 4542 390 4597 what
405 4560 475 4597 seem
493 4548 669 4616 antagonistic
709 4547 765 4601 tis”
776 4544 854 4601 istbe
865 4547 969 4603 mutual
981 4549 1163 4606 malcum
1176 4563 1226 4620 ptr·

139 4624 223 4688 factu
247 4621 283 4694 by
299 4621 520 4694 aclrnowledgiug
537 4625 572 4678 ull
588 4625 669 4680 limit-
709 4626 792 4681 ticles
