2708 5226
211 550 278 612 232
536 548 709 615 NOVUM
739 548 989 615 onesNUM.

211 713 305 804 apud
332 734 397 782 nos
422 713 459 782 in
485 713 670 806 superficie
687 723 801 798 terra,
818 736 896 786 esse
912 714 1010 784 viam
1027 711 1213 804 obliquam
1237 709 1302 782 solis

211 851 276 920 per
291 825 530 899 zodiacum⁹⁶t
556 832 654 902 unde
680 829 776 902 calor
791 828 887 913 solis,
903 830 1037 922 partim
1063 851 1132 922 per
1148 829 1303 899 vicissim

212 944 312 1014 dines
328 942 401 1014 diei
418 952 457 1015 et
472 946 599 1026 noctis,
616 947 747 1038 partim
773 967 837 1038 per
861 945 1105 1015 mcccoeiones
1127 946 1304 1016 oestatiset

212 1058 360 1151 hyemis,
377 1059 498 1129 evadit
524 1060 623 1129 miris
648 1059 764 1130 modis
789 1056 984 1150 inaequalis.
1040 1057 1175 1152 Neque
1199 1067 1302 1129 mmet

211 1174 342 1244 desinit
366 1172 428 1243 ille
445 1173 499 1242 vir
522 1173 561 1243 id
583 1172 678 1266 quod
696 1173 801 1244 abeo
818 1183 916 1244 reete
939 1174 1133 1244 inventum
1160 1174 1229 1245 fuit
1247 1182 1302 1244 sta·

212 1290 279 1360 tim
296 1311 523 1381 corrumpere
541 1297 579 1360 et
597 1290 798 1382 depravare.
852 1287 952 1359 Nam
967 1297 1012 1359 ut
1028 1289 1170 1361 arbiter
1184 1289 1304 1360 scilicet

213 1418 347 1475 naturae
364 1405 474 1499 (quod
500 1404 552 1474 illi
578 1406 615 1475 in
641 1427 740 1476 more
760 1405 831 1494 est)
858 1403 962 1476 valde
987 1405 1242 1499 magistraliter
1262 1427 1304 1476 as

213 1524 330 1615 signat
346 1543 487 1591 causam
509 1522 749 1614 generationis
773 1521 928 1592 accessui
955 1519 1062 1605 solis;
1091 1545 1233 1593 cauam
1255 1544 1304 1591 au·

213 1644 288 1706 tem
306 1636 550 1728 corruptionis,
575 1637 749 1706 recessui:
775 1657 858 1705 cum
880 1646 1035 1728 utraque
1060 1659 1120 1707 res
1146 1635 1304 1726 (accessus

213 1749 381 1819 videlieet
397 1750 492 1832 solis,
508 1758 548 1820 et
563 1750 734 1837 recessus)
752 1772 822 1821 non
841 1751 1049 1843 respective,
1067 1753 1133 1823 sed
1152 1753 1248 1844 quasi
1262 1753 1305 1821 in·

212 1864 417 1934 differenter
434 1866 590 1957 praebeat
610 1888 753 1936 causam
776 1875 851 1936 tam
875 1868 1103 1960 generationi
1120 1891 1227 1960 quam
1242 1890 1305 1938 cor·

213 1979 385 2070 ruptioni:
403 1980 691 2072 quandoquidem
704 1979 927 2074 inequalitas
943 1981 1083 2066 caloris,
1098 1982 1302 2078 genersmni

213 2105 252 2165 et
275 2095 492 2197 corruptioni
519 2119 657 2184 rernm;
683 2096 877 2189 aequalitas,
894 2100 1160 2170 conservationi
1178 2107 1302 2170 tantum

212 2194 406 2281 ministret.¹
449 2209 515 2282 Est
532 2221 571 2282 et
587 2220 714 2303 quarta
729 2211 931 2286 differentia
947 2214 1219 2286 intercalarem
1233 2211 1304 2284 solis

213 2336 251 2397 et
273 2327 374 2420 ignis,
392 2327 512 2420 magni
536 2348 676 2419 prorsus
701 2329 897 2399 momenti:
923 2330 990 2400 viz.
1008 2331 1108 2422 quod
1128 2329 1183 2401 sol
1199 2351 1304 2424 operu-

213 2444 329 2513 tiones
359 2465 439 2513 suas
467 2442 625 2512 insinuet
654 2442 851 2538 perlonga
881 2447 1055 2538 temporis
1087 2447 1226 2539 spatia;
1253 2443 1303 2514 ubi

213 2559 435 2650 operationes
461 2558 553 2650 ignis
580 2560 745 2652 (urgente
775 2559 961 2630 bominum
988 2563 1230 2654 impatientia)
1253 2581 1304 2651 per

213 2674 376 2745 breviora
400 2672 588 2744 intervalla
612 2675 657 2744 ad
684 2675 822 2744 exitum
849 2676 1105 2768 perducantur.
1159 2673 1302 2760 Quodsi

213 2793 292 2882 quis
319 2791 354 2859 id
385 2788 509 2859 sedulo
537 2798 629 2882 agat,
657 2799 699 2859 ut
727 2789 880 2860 calorem
909 2792 1000 2884 ignis
1030 2800 1248 2885 attemperet
1273 2796 1304 2858 et

213 2906 362 2977 reducat
389 2906 433 2975 ad
459 2906 607 2997 gradum
634 2905 907 2977 moderatiorem
934 2916 972 2977 et
1004 2905 1179 2979 leniorem
1208 2903 1302 2998 (quod

214 3022 336 3091 multis
367 3021 483 3090 modis
513 3019 618 3090 facile
647 3020 731 3112 iit);
766 3020 895 3090 deinde
926 3021 1036 3091 etiam
1067 3024 1248 3118 inspergat
1272 3027 1302 3089 et

214 3139 406 3208 admisceat
423 3134 631 3205 nonnullam
653 3136 928 3219 humiditatem3
953 3138 1113 3209 maxime
1140 3148 1259 3209 autem
1280 3134 1300 3204 si

214 3257 376 3325 imitetur
404 3251 556 3323 calorem
589 3251 671 3322 solis
701 3252 738 3321 in
770 3252 1032 3343 inequalitat03
1067 3263 1256 3345 postremo,
1281 3249 1301 3320 si

213 3393 348 3440 moram
374 3369 552 3461 patienter
571 3366 711 3451 toleret,
729 3366 815 3454 (non
834 3375 931 3438 certe
956 3390 1046 3451 eam,
1065 3391 1146 3461 quae
1168 3372 1216 3440 sit
1239 3388 1302 3460 pro

215 3489 414 3579 portionata
430 3484 595 3576 operibus
612 3483 705 3563 solis,
722 3483 784 3554 sed
804 3483 1002 3577 largiorem,
1021 3507 1130 3576 quam
1158 3485 1302 3558 homines

214 3604 383 3673 adhibere
400 3602 517 3672 solent
534 3601 569 3669 in
589 3599 755 3692 operibus
772 3599 902 3691 ignis3)
928 3601 958 3668 is
975 3598 1080 3669 facile
1106 3603 1248 3672 missam
1264 3599 1302 3668 fa·

215 3719 286 3788 ciet
313 3718 588 3808 heterogeneam
616 3713 712 3783 illam
742 3712 886 3783 caloris:
913 3723 951 3784 et
979 3712 1034 3784 vel
1065 3716 1233 3798 tentabit,
1258 3709 1301 3782 rel

215 3831 426 3923 exaequabit,
444 3830 500 3900 vel
518 3832 555 3900 in
573 3829 749 3920 aliquibus
767 3831 887 3900 vincet
903 3852 1010 3921 opera
1033 3830 1128 3914 solis,
1146 3855 1211 3925 per
1226 3829 1302 3902 calo

216 3970 291 4017 rem
323 3948 423 4040 ignis.
486 3945 620 4016 Similis
648 3945 815 4014 instantia
833 3942 985 4039 faederis
1011 3954 1067 4015 est
1097 3945 1303 4018 resuscitatio

217 4062 434 4154 papilionum
460 4085 505 4131 ex
523 4061 652 4154 frigore
675 4062 896 4153 stupentium
914 4069 952 4131 et
969 4068 1140 4152 tanquam
1164 4070 1303 4133 emortu-

216 4201 329 4260 orum,
356 4201 417 4270 per
442 4178 613 4271 exiguum
644 4186 804 4268 teporem
835 4176 947 4269 ignis:
982 4185 1024 4245 ut
1051 4177 1158 4251 facile
1188 4197 1303 4255 cernas,

255 4399 280 4438 Ν
297 4400 380 4455 Arist.
393 4399 426 4454 de
439 4399 508 4454 Gen.
520 4409 547 4454 et
559 4398 635 4454 Corr.
648 4398 694 4454 lib.
710 4398 748 4454 ll.
789 4401 869 4470 λοξὸν
880 4399 982 4455 κύκλον.
1016 4401 1059 4472 By
1070 4401 1125 4456 this
1137 4401 1303 4475 nottestan

219 4497 314 4550 capp.
327 4477 502 4549 οὐχὴπρώτη
520 4479 592 4547 φορὰ
610 4477 679 4531 ciria
691 4478 749 4533 ἐστὶ
790 4480 916 4534 Aristode
926 4498 1018 4538 means
1029 4480 1076 4535 the
1089 4480 1212 4553 Ecliptic.

218 4557 343 4630 γενέσεως
356 4559 397 4611 καὶ
409 4557 521 4627 φθορᾶς,
531 4555 616 4623 ἇλλ’ἡ
630 4557 693 4609 κατὰ
705 4558 750 4610 τὸν
