2708 5226
187 551 254 618 236
511 549 685 615 NOVUM
708 547 957 613 ORGANUM.

188 716 353 789 collectio
368 738 538 809 uquarum
559 715 667 788 inisse
692 723 777 787 ante
800 714 906 796 iacta,
923 720 1033 805 atque
1057 713 1096 783 iu
1122 714 1178 785 his
1203 713 1286 786 locis

189 832 328 904 haesime
352 840 391 903 et
414 831 594 912 maunsse,
612 839 651 902 et
675 838 798 925 postea
823 830 941 922 potius
967 851 1031 922 ρετ
1053 852 1195 902 eausam
1217 831 1288 901 vio·

189 948 323 1020 lentam
350 947 491 1040 dejecta
518 955 558 1018 et
582 947 727 1017 detrusa
756 967 843 1027 esse,
870 967 978 1037 quam
1008 944 1161 1016 naturali
1187 956 1288 1017 motu

187 1064 372 1159 gravitatis
395 1044 586 1135 cecidisse:
612 1063 703 1133 adeo
729 1070 770 1131 ut
794 1061 920 1152 conjici
947 1062 1057 1154 possit
1083 1084 1287 1154 corpoream

187 1180 320 1252 molem
346 1180 494 1251 densam
519 1188 629 1271 atque
653 1186 875 1270 compactam
902 1178 940 1246 in
967 1200 1098 1271 magua
1123 1178 1288 1250 distantia

187 1319 210 1368 a
232 1305 327 1369 terra
349 1295 424 1366 fore
447 1292 620 1388 pensilem
638 1302 809 1385 tanquam
830 1302 961 1362 terram
978 1294 1114 1386 ipsam3
1145 1317 1213 1365 nec
1233 1318 1288 1365 cu-

188 1436 317 1492 suram‚
335 1413 402 1482 nisi
419 1410 618 1502 dejiciatur.
662 1409 802 1481 Verum
819 1410 865 1479 de
883 1409 951 1481 hoc
968 1409 1019 1480 nil
1035 1410 1123 1480 certi
1140 1411 1289 1481 affirma·

186 1550 278 1599 mus.
321 1526 472 1597 Interim
489 1526 527 1595 iu
543 1526 610 1596 hoc
627 1534 665 1595 et
682 1526 719 1594 in
738 1523 861 1594 multis
878 1524 958 1596 eliis
975 1524 1079 1596 iscile
1095 1527 1287 1618 apparebit,

186 1666 293 1736 quam
311 1643 434 1734 inopes
450 1642 560 1712 simus
575 1640 729 1711 historiae
746 1639 938 1725 naturalis3
959 1663 1043 1711 cum
1061 1639 1141 1712 loco
1157 1642 1288 1713 instau-

185 1760 316 1830 tiarum
333 1766 510 1829 certarum
529 1777 783 1849 nonnunquam
800 1758 1060 1849 suppositiones
1082 1756 1209 1829 afferre
1226 1781 1286 1851 pro

186 1872 361 1965 exemplis
377 1893 557 1965 cogamur.

237 1987 410 2060 Similiter
432 1988 479 2059 sit
496 1996 622 2059 natura
638 1988 816 2082 inquisita,
834 1987 1011 2059 discursus
1033 1987 1181 2081 ingenii.
1224 1989 1289 2061 Vi·

186 2105 294 2176 detur
309 2104 453 2175 omnino
470 2103 595 2176 divisio
612 2127 705 2188 vera,
722 2106 868 2177 rationis
888 2105 1060 2190 humanae,
1078 2113 1117 2177 et
1133 2105 1286 2176 solertiae

187 2217 401 2292 brutorum⁵.
452 2217 628 2293 Attamen
659 2230 744 2292 sunt
772 2219 953 2293 nonnullae
976 2221 1155 2291 instantiae
1180 2224 1287 2293 actio·

186 2358 284 2421 uum,
304 2359 383 2428 quae
407 2335 564 2407 eduntur
587 2359 610 2407 a
634 2337 759 2419 brutis,
786 2358 851 2428 per
873 2358 961 2428 quas
987 2335 1155 2407 videntur
1180 2338 1286 2430 etiam

187 2451 292 2523 bruta
316 2451 415 2542 quasi
442 2449 669 2543 syllogizare:
695 2458 737 2521 ut
760 2451 939 2521 memorias
960 2452 1142 2544 proditum
1168 2463 1223 2524 est
1245 2452 1288 2524 de

188 2591 316 2650 corv03
343 2567 403 2657 qui
421 2588 485 2657 ρετ
501 2589 646 2659 magnas
663 2569 840 2637 siccitates
858 2567 932 2636 iere
954 2577 1102 2638 enectus
1120 2570 1190 2652 siti,
1208 2593 1289 2639 cou-

187 2683 305 2776 spexit
327 2704 454 2771 aquam
478 2681 514 2750 in
538 2690 665 2752 trunco
688 2705 774 2753 cavo
798 2682 955 2766 arboris;
981 2693 1089 2775 atque
1113 2707 1197 2754 cum
1220 2708 1288 2756 non

187 2797 332 2868 daretur
348 2797 381 2865 ei
398 2796 530 2867 intrare
548 2806 692 2889 propter
707 2798 897 2890 angustias,
916 2821 989 2869 non
1006 2800 1158 2870 cessavit
1169 2801 1287 2891 jacere

185 2912 319 2983 multos
345 2908 494 3003 lapillos,
511 2934 574 3003 per
597 2934 685 3004 quos
712 2924 874 3006 surgeret
896 2924 934 2984 et
957 2915 1165 2986 ascenderet
1189 2940 1288 3009 aqua,

188 3035 230 3097 nt
246 3025 368 3097 bibere
385 3034 527 3117 posset;
553 3027 647 3118 quod
665 3033 789 3118 postea
805 3030 911 3098 cessit
929 3030 965 3098 in
983 3030 1224 3121 proverbium.

240 3140 415 3213 Similiter
434 3141 624 3212 situatum
640 3143 819 3234 inquisita,
838 3143 985 3214 visibile.
1038 3143 1198 3216 Videtur
1215 3170 1289 3218 om-

224 3364 329 3439 ⁶'lhcy
341 3364 401 3420 who
412 3365 489 3419 allow
500 3381 564 3420 man
575 3381 612 3419 no
624 3364 720 3436 higher
758 3365 870 3420 terentia
885 3366 934 3420 lies
952 3366 980 3420 in
996 3384 1033 3421 uo
1050 3384 1098 3421 ose
1116 3370 1227 3441 quality,
1239 3368 1290 3423 and

188 3443 396 3498 “Merenda”
420 3442 485 3497 than
508 3442 554 3497 the
578 3443 720 3498 schclsstic
759 3444 885 3516 cenninly
894 3453 942 3498 not
954 3457 1025 3498 most
1037 3446 1065 3498 iu
1077 3445 1120 3500 his
1129 3446 1292 3500 intellectuat

188 3527 206 3553 ‘⁴
215 3520 476 3577 Rshousle”-who
496 3521 592 3593 regsrd
614 3521 660 3576 the
678 3523 719 3576 in-
759 3523 926 3593 superiority.
974 3522 1025 3577 His
1050 3523 1230 3594 “spiritual'’
1254 3527 1290 3582 ls-

187 3600 307 3657 icrsntiul
330 3618 420 3671 power
442 3617 472 3654 as
496 3600 542 3654 the
569 3600 720 3655 distinctiva
759 3600 853 3654 culties
882 3601 950 3655 raise
981 3601 1039 3655 him
1068 3602 1186 3674 highest.
1240 3604 1290 3658 llis

187 3679 288 3752 quality
302 3678 332 3733 ol
347 3677 605 3749 Humauity-must
622 3678 718 3748 always
760 3678 848 3732 Morsl
864 3679 918 3733 sud
931 3678 1018 3733 Sociul
1035 3681 1166 3751 qualiter,
1180 3681 1236 3736 aud
1251 3682 1290 3736 his

186 3754 299 3810 tremble
322 3763 350 3809 st
379 3771 431 3825 any
454 3755 625 3825 glimmering
650 3755 682 3809 ol
702 3773 719 3809 s
759 3773 848 3826 power
866 3757 897 3811 cl
914 3756 1103 3822 combinatiou‚
1120 3760 1156 3813 all
1177 3760 1219 3814 lilt
1238 3760 1291 3815 him

189 3833 342 3906 Syllcgirtic
362 3833 463 3905 mculty
482 3833 511 3887 in
536 3833 642 3898 Brutos,
663 3833 718 3888 aud
758 3835 843 3890 sbovc
858 3835 935 3890 other
951 3846 1100 3901 mentorem
1119 3838 1174 3893 and
1187 3838 1290 3910 though

187 3911 243 3966 secr
262 3913 321 3975 lest,
338 3911 405 3965 alter
423 3912 467 3974 cll,
484 3929 547 3966 mau
566 3911 663 3966 should
683 3912 718 3966 bs
758 3930 833 3968 some
854 3914 937 3984 slight
957 3914 1061 3985 growth
1083 3915 1138 3970 and
1159 3917 1290 3988 improve-

187 3988 303 4060 uothiug
318 4005 393 4043 more
408 3987 474 4042 than
485 4006 502 4043 a
512 3989 606 4060 highly
617 3990 718 4060 polish·
757 4000 832 4045 ment
843 4009 905 4063 msy
917 3992 951 4046 he
963 3991 1101 4046 discerued
1117 3994 1145 4047 in
1157 3995 1204 4049 tho
1217 4013 1290 4050 meu·

186 4065 220 4121 ed
241 4067 308 4136 Ape.
345 4065 399 4120 Yet
421 4083 488 4121 even
508 4066 576 4122 theu
599 4067 644 4122 the
667 4069 718 4138 gili
758 4071 793 4123 tal
808 4087 911 4140 powers
923 4070 957 4139 (il
966 4088 1017 4125 cue
1031 4089 1094 4142 may
1105 4071 1140 4126 be
1155 4072 1290 4143 pardcued

186 4145 217 4200 oi
239 4144 335 4214 speech
358 4144 488 4213 (μιρότων
510 4146 583 4217 γένος
605 4146 717 4216 ἀνδρῶν)
758 4148 800 4203 lor
814 4147 881 4203 such
899 4149 1042 4220 lauguuge)
1059 4150 1089 4204 cl
1101 4149 1290 4206 domesticstetl

186 4222 277 4278 would
295 4222 331 4277 dc
350 4221 433 4276 much
453 4232 482 4278 to
503 4223 664 4294 distinguish
684 4243 717 4280 us
758 4225 855 4290 beaute
868 4235 912 4298 yet
927 4226 994 4282 Mun
1008 4227 1084 4281 alone
1098 4228 1122 4281 is
1138 4230 1289 4300 reallypro

186 4301 257 4356 stom
272 4318 322 4355 our
338 4300 497 4370 uupleasant
511 4301 675 4373 neighbours
689 4303 718 4357 in
758 4304 988 4376 gressive-alcue
1000 4323 1050 4361 ceu
1063 4307 1235 4379 cousciously
1244 4324 1290 4362 usc

187 4379 233 4435 the
250 4379 319 4434 scale
334 4377 367 4433 oi
376 4377 516 4434 Orestion:
534 4380 640 4452 though
656 4380 719 4436 here
760 4382 806 4437 tho
830 4383 987 4455 knowledge
1010 4384 1041 4437 ol
1067 4382 1110 4438 his
1136 4384 1238 4439 fathers
1262 4401 1289 4437 as

186 4455 719 4528 toowcspprosehslittletcouesrto
758 4461 1269 4517 rucauslortheiucresscolhisown.

188 4536 306 4592 Parrots.
339 4535 403 4598 But,
416 4535 541 4602 iutruth,
554 4536 645 4592 Man's
659 4538 718 4595 Dil-
