<?xml version="1.0" encoding="UTF-8"?>
<!DOCTYPE html PUBLIC "-//W3C//DTD XHTML 1.0 Transitional//EN"
    "http://www.w3.org/TR/xhtml1/DTD/xhtml1-transitional.dtd">
<html xmlns="http://www.w3.org/1999/xhtml" xml:lang="en" lang="en">
 <head>
  <title>
</title>
<meta http-equiv="Content-Type" content="text/html;charset=utf-8" />
  <meta name='ocr-system' content='tesseract 3.04.00' />
  <meta name='ocr-capabilities' content='ocr_page ocr_carea ocr_par ocr_line ocrx_word'/>
</head>
<body>
  <div class='ocr_page' id='page_1' title='image "./franciscibaconi00kitcgoog_0112.png"; bbox 0 0 2708 5226; ppageno 0'>
   <div class='ocr_carea' id='block_1_1' title="bbox 516 535 1201 620">
    <p class='ocr_par' dir='ltr' id='par_1_1' title="bbox 516 535 1201 620">
     <span class='ocr_line' id='line_1_1' title="bbox 516 535 1201 620; baseline 0 -18"><span class='ocrx_word' id='word_1_1' title='bbox 516 535 605 602; x_wconf 69' lang='grc' dir='ltr'>ΜΒ.</span> <span class='ocrx_word' id='word_1_2' title='bbox 624 537 652 602; x_wconf 89' lang='lat'>1.</span> <span class='ocrx_word' id='word_1_3' title='bbox 671 539 722 617; x_wconf 83' lang='lat'>86,</span> <span class='ocrx_word' id='word_1_4' title='bbox 740 539 789 620; x_wconf 83' lang='lat'>87·</span> <span class='ocrx_word' id='word_1_5' title='bbox 1161 541 1201 602; x_wconf 86' lang='lat' dir='ltr'>a1</span> 
     </span>
    </p>
   </div>
   <div class='ocr_carea' id='block_1_2' title="bbox 103 704 1208 4056">
    <p class='ocr_par' dir='ltr' id='par_1_2' title="bbox 103 704 1206 1617">
     <span class='ocr_line' id='line_1_2' title="bbox 103 704 1205 799; baseline -0.002 -23"><span class='ocrx_word' id='word_1_6' title='bbox 103 704 277 779; x_wconf 81' lang='lat' dir='ltr'>revoluti</span> <span class='ocrx_word' id='word_1_7' title='bbox 303 713 519 799; x_wconf 82' lang='lat' dir='ltr'>personatos,</span> <span class='ocrx_word' id='word_1_8' title='bbox 546 706 581 774; x_wconf 94' lang='lat' dir='ltr'>in</span> <span class='ocrx_word' id='word_1_9' title='bbox 610 705 795 775; x_wconf 91' lang='lat' dir='ltr'>hominum</span> <span class='ocrx_word' id='word_1_10' title='bbox 820 714 1051 798; x_wconf 87' lang='lat' dir='ltr'>conspectum</span> <span class='ocrx_word' id='word_1_11' title='bbox 1076 705 1205 798; x_wconf 91' lang='lat' dir='ltr'>produ·</span> 
     </span>
     <span class='ocr_line' id='line_1_3' title="bbox 103 820 1204 914; baseline 0 -21"><span class='ocrx_word' id='word_1_12' title='bbox 103 831 190 906; x_wconf 85' lang='lat' dir='ltr'>cunt,</span> <span class='ocrx_word' id='word_1_13' title='bbox 211 845 256 894; x_wconf 88' lang='lat' dir='ltr'>ac</span> <span class='ocrx_word' id='word_1_14' title='bbox 282 822 314 893; x_wconf 90' lang='lat' dir='ltr'>si</span> <span class='ocrx_word' id='word_1_15' title='bbox 341 820 411 892; x_wconf 86' lang='lat' dir='ltr'>illae</span> <span class='ocrx_word' id='word_1_16' title='bbox 436 822 534 892; x_wconf 92' lang='lat' dir='ltr'>omni</span> <span class='ocrx_word' id='word_1_17' title='bbox 559 845 604 893; x_wconf 84' lang='lat' dir='ltr'>ex</span> <span class='ocrx_word' id='word_1_18' title='bbox 631 831 732 914; x_wconf 87' lang='lat' dir='ltr'>parte</span> <span class='ocrx_word' id='word_1_19' title='bbox 758 821 924 914; x_wconf 74' lang='lat' dir='ltr'>perfectae</span> <span class='ocrx_word' id='word_1_20' title='bbox 950 830 1077 903; x_wconf 88' lang='lat' dir='ltr'>essent,</span> <span class='ocrx_word' id='word_1_21' title='bbox 1098 829 1137 892; x_wconf 91' lang='lat' dir='ltr'>et</span> <span class='ocrx_word' id='word_1_22' title='bbox 1157 821 1204 893; x_wconf 90' lang='lat' dir='ltr'>ad</span> 
     </span>
     <span class='ocr_line' id='line_1_4' title="bbox 103 936 1206 1030; baseline -0.002 -20"><span class='ocrx_word' id='word_1_23' title='bbox 103 940 235 1010; x_wconf 82' lang='lat' dir='ltr'>exitum</span> <span class='ocrx_word' id='word_1_24' title='bbox 259 938 456 1030; x_wconf 86' lang='lat' dir='ltr'>perductae.</span> <span class='ocrx_word' id='word_1_25' title='bbox 508 936 547 1010; x_wconf 85' lang='lat' dir='ltr'>Si</span> <span class='ocrx_word' id='word_1_26' title='bbox 568 939 664 1008; x_wconf 90' lang='lat' dir='ltr'>enim</span> <span class='ocrx_word' id='word_1_27' title='bbox 682 937 893 1008; x_wconf 83' lang='lat' dir='ltr'><strong>methodum</strong></span> <span class='ocrx_word' id='word_1_28' title='bbox 909 938 1056 1030; x_wconf 75' lang='lat' dir='ltr'><strong>aspicias</strong></span> <span class='ocrx_word' id='word_1_29' title='bbox 1072 945 1110 1008; x_wconf 88' lang='lat' dir='ltr'>et</span> <span class='ocrx_word' id='word_1_30' title='bbox 1127 960 1206 1029; x_wconf 89' lang='lat' dir='ltr'>par·</span> 
     </span>
     <span class='ocr_line' id='line_1_5' title="bbox 103 1051 1205 1147; baseline -0.002 -22"><span class='ocrx_word' id='word_1_31' title='bbox 103 1051 292 1138; x_wconf 59' lang='lat' dir='ltr'>titionesffl,</span> <span class='ocrx_word' id='word_1_32' title='bbox 313 1055 385 1124; x_wconf 89' lang='lat' dir='ltr'>illae</span> <span class='ocrx_word' id='word_1_33' title='bbox 410 1077 550 1147; x_wconf 92' lang='lat' dir='ltr'>prorsus</span> <span class='ocrx_word' id='word_1_34' title='bbox 573 1056 694 1125; x_wconf 92' lang='lat' dir='ltr'>omnia</span> <span class='ocrx_word' id='word_1_35' title='bbox 716 1053 904 1146; x_wconf 84' lang='lat' dir='ltr'>complecti</span> <span class='ocrx_word' id='word_1_36' title='bbox 928 1063 968 1124; x_wconf 93' lang='lat' dir='ltr'>et</span> <span class='ocrx_word' id='word_1_37' title='bbox 993 1053 1205 1124; x_wconf 81' lang='lat' dir='ltr'>concludere</span> 
     </span>
     <span class='ocr_line' id='line_1_6' title="bbox 103 1170 1205 1267; baseline -0.002 -23"><span class='ocrx_word' id='word_1_38' title='bbox 103 1175 277 1256; x_wconf 87' lang='lat' dir='ltr'>ridentur,</span> <span class='ocrx_word' id='word_1_39' title='bbox 287 1197 369 1267; x_wconf 76' lang='lat' dir='ltr'>quaa</span> <span class='ocrx_word' id='word_1_40' title='bbox 381 1175 417 1243; x_wconf 92' lang='lat' dir='ltr'>in</span> <span class='ocrx_word' id='word_1_41' title='bbox 431 1173 519 1245; x_wconf 94' lang='lat' dir='ltr'>illud</span> <span class='ocrx_word' id='word_1_42' title='bbox 532 1174 733 1266; x_wconf 91' lang='lat' dir='ltr'>subjectum</span> <span class='ocrx_word' id='word_1_43' title='bbox 748 1174 873 1245; x_wconf 88' lang='lat' dir='ltr'>cadere</span> <span class='ocrx_word' id='word_1_44' title='bbox 887 1180 1043 1265; x_wconf 84' lang='lat' dir='ltr'><strong>possunt.</strong></span> <span class='ocrx_word' id='word_1_45' title='bbox 1080 1170 1205 1263; x_wconf 87' lang='lat' dir='ltr'>Atque</span> 
     </span>
     <span class='ocr_line' id='line_1_7' title="bbox 103 1286 1206 1382; baseline -0.002 -22"><span class='ocrx_word' id='word_1_46' title='bbox 103 1289 181 1361; x_wconf 89' lang='lat' dir='ltr'>licet</span> <span class='ocrx_word' id='word_1_47' title='bbox 203 1290 372 1362; x_wconf 87' lang='lat' dir='ltr'>membra</span> <span class='ocrx_word' id='word_1_48' title='bbox 393 1288 456 1359; x_wconf 93' lang='lat' dir='ltr'>illa</span> <span class='ocrx_word' id='word_1_49' title='bbox 476 1289 571 1361; x_wconf 89' lang='lat' dir='ltr'>male</span> <span class='ocrx_word' id='word_1_50' title='bbox 596 1289 752 1382; x_wconf 89' lang='lat' dir='ltr'>impleta,</span> <span class='ocrx_word' id='word_1_51' title='bbox 771 1298 809 1359; x_wconf 91' lang='lat' dir='ltr'>et</span> <span class='ocrx_word' id='word_1_52' title='bbox 826 1288 938 1361; x_wconf 88' lang='lat' dir='ltr'>veluti</span> <span class='ocrx_word' id='word_1_53' title='bbox 960 1286 1111 1381; x_wconf 87' lang='lat' dir='ltr'>capsulae</span> <span class='ocrx_word' id='word_1_54' title='bbox 1131 1288 1206 1358; x_wconf 90' lang='lat' dir='ltr'>ina·</span> 
     </span>
     <span class='ocr_line' id='line_1_8' title="bbox 103 1404 1205 1499; baseline -0.001 -23"><span class='ocrx_word' id='word_1_55' title='bbox 103 1428 159 1478; x_wconf 89' lang='lat' dir='ltr'>uos</span> <span class='ocrx_word' id='word_1_56' title='bbox 182 1407 282 1488; x_wconf 88' lang='lat' dir='ltr'>sint;</span> <span class='ocrx_word' id='word_1_57' title='bbox 318 1415 442 1477; x_wconf 84' lang='lat' dir='ltr'>tamen</span> <span class='ocrx_word' id='word_1_58' title='bbox 467 1405 561 1498; x_wconf 91' lang='lat' dir='ltr'>apud</span> <span class='ocrx_word' id='word_1_59' title='bbox 588 1406 813 1477; x_wconf 88' lang='lat' dir='ltr'>intellectum</span> <span class='ocrx_word' id='word_1_60' title='bbox 839 1404 1020 1499; x_wconf 83' lang='lat' dir='ltr'>vulgarem</span> <span class='ocrx_word' id='word_1_61' title='bbox 1048 1404 1205 1476; x_wconf 78' lang='lat' dir='ltr'>scientiae</span> 
     </span>
     <span class='ocr_line' id='line_1_9' title="bbox 103 1522 955 1617; baseline 0 -23"><span class='ocrx_word' id='word_1_62' title='bbox 103 1523 249 1595; x_wconf 78' lang='lat' dir='ltr'>hrrmam</span> <span class='ocrx_word' id='word_1_63' title='bbox 266 1532 307 1595; x_wconf 91' lang='lat' dir='ltr'>et</span> <span class='ocrx_word' id='word_1_64' title='bbox 323 1523 497 1594; x_wconf 87' lang='lat' dir='ltr'>rationem</span> <span class='ocrx_word' id='word_1_65' title='bbox 514 1523 663 1616; x_wconf 76' lang='lat' dir='ltr'>integrae</span> <span class='ocrx_word' id='word_1_66' title='bbox 680 1547 751 1617; x_wconf 87' lang='lat' dir='ltr'>prae</span> <span class='ocrx_word' id='word_1_67' title='bbox 769 1545 806 1593; x_wconf 89' lang='lat' dir='ltr'>se</span> <span class='ocrx_word' id='word_1_68' title='bbox 824 1522 955 1594; x_wconf 91' lang='lat' dir='ltr'>ferunt.</span> 
     </span>
    </p>

    <p class='ocr_par' dir='ltr' id='par_1_3' title="bbox 103 1637 1206 2763">
     <span class='ocr_line' id='line_1_10' title="bbox 109 1637 1206 1734; baseline 0 -25"><span class='ocrx_word' id='word_1_69' title='bbox 109 1698 124 1719; x_wconf 32' lang='grc' dir='ltr'>χ</span> <span class='ocrx_word' id='word_1_70' title='bbox 143 1637 201 1711; x_wconf 85' lang='lat' dir='ltr'>At</span> <span class='ocrx_word' id='word_1_71' title='bbox 225 1640 334 1734; x_wconf 89' lang='lat' dir='ltr'>primi</span> <span class='ocrx_word' id='word_1_72' title='bbox 361 1649 400 1711; x_wconf 92' lang='lat' dir='ltr'>et</span> <span class='ocrx_word' id='word_1_73' title='bbox 423 1640 659 1731; x_wconf 79' lang='lat' dir='ltr'><strong>antiquissimi</strong></span> <span class='ocrx_word' id='word_1_74' title='bbox 686 1640 845 1710; x_wconf 91' lang='lat' dir='ltr'>veritatis</span> <span class='ocrx_word' id='word_1_75' title='bbox 872 1639 1107 1731; x_wconf 78' lang='lat' dir='ltr'><strong>inquisitores,</strong></span> <span class='ocrx_word' id='word_1_76' title='bbox 1129 1660 1206 1709; x_wconf 92' lang='lat' dir='ltr'>me·</span> 
     </span>
     <span class='ocr_line' id='line_1_11' title="bbox 103 1755 1204 1849; baseline -0.002 -23"><span class='ocrx_word' id='word_1_77' title='bbox 103 1755 184 1827; x_wconf 86' lang='lat' dir='ltr'>liora</span> <span class='ocrx_word' id='word_1_78' title='bbox 209 1755 284 1827; x_wconf 83' lang='lat' dir='ltr'>fide</span> <span class='ocrx_word' id='word_1_79' title='bbox 309 1764 348 1825; x_wconf 88' lang='lat' dir='ltr'>et</span> <span class='ocrx_word' id='word_1_80' title='bbox 373 1756 459 1836; x_wconf 88' lang='lat' dir='ltr'>fato,</span> <span class='ocrx_word' id='word_1_81' title='bbox 484 1757 725 1849; x_wconf 82' lang='lat' dir='ltr'>cognitionem</span> <span class='ocrx_word' id='word_1_82' title='bbox 752 1755 861 1838; x_wconf 87' lang='lat' dir='ltr'>illam,</span> <span class='ocrx_word' id='word_1_83' title='bbox 880 1778 987 1847; x_wconf 91' lang='lat' dir='ltr'>quam</span> <span class='ocrx_word' id='word_1_84' title='bbox 1013 1777 1060 1826; x_wconf 84' lang='lat' dir='ltr'>ex</span> <span class='ocrx_word' id='word_1_85' title='bbox 1085 1776 1204 1826; x_wconf 87' lang='lat' dir='ltr'>rerum</span> 
     </span>
     <span class='ocr_line' id='line_1_12' title="bbox 103 1871 1206 1966; baseline -0.003 -21"><span class='ocrx_word' id='word_1_86' title='bbox 103 1871 402 1966; x_wconf 83' lang='lat' dir='ltr'>contemplatione</span> <span class='ocrx_word' id='word_1_87' title='bbox 429 1873 629 1965; x_wconf 81' lang='lat' dir='ltr'>decerpere,</span> <span class='ocrx_word' id='word_1_88' title='bbox 656 1883 693 1944; x_wconf 90' lang='lat' dir='ltr'>et</span> <span class='ocrx_word' id='word_1_89' title='bbox 720 1875 758 1943; x_wconf 94' lang='lat' dir='ltr'>in</span> <span class='ocrx_word' id='word_1_90' title='bbox 786 1895 890 1943; x_wconf 89' lang='lat' dir='ltr'>usum</span> <span class='ocrx_word' id='word_1_91' title='bbox 917 1873 1109 1945; x_wconf 84' lang='lat' dir='ltr'>recondere</span> <span class='ocrx_word' id='word_1_92' title='bbox 1135 1882 1206 1942; x_wconf 88' lang='lat' dir='ltr'>sta-</span> 
     </span>
     <span class='ocr_line' id='line_1_13' title="bbox 103 1985 1204 2083; baseline 0.001 -24"><span class='ocrx_word' id='word_1_93' title='bbox 103 1989 261 2071; x_wconf 86' lang='lat' dir='ltr'>tuebant,</span> <span class='ocrx_word' id='word_1_94' title='bbox 278 1990 316 2059; x_wconf 90' lang='lat' dir='ltr'>in</span> <span class='ocrx_word' id='word_1_95' title='bbox 333 1985 558 2083; x_wconf 63' lang='lat' dir='ltr'>aphorismos,</span> <span class='ocrx_word' id='word_1_96' title='bbox 576 1990 650 2059; x_wconf 90' lang='lat' dir='ltr'>sive</span> <span class='ocrx_word' id='word_1_97' title='bbox 671 1990 804 2070; x_wconf 87' lang='lat' dir='ltr'>breves,</span> <span class='ocrx_word' id='word_1_98' title='bbox 823 1990 1037 2082; x_wconf 89' lang='lat' dir='ltr'>easdemque</span> <span class='ocrx_word' id='word_1_99' title='bbox 1058 2010 1204 2082; x_wconf 87' lang='lat' dir='ltr'>sparsas,</span> 
     </span>
     <span class='ocr_line' id='line_1_14' title="bbox 103 2104 1205 2199; baseline -0.004 -21"><span class='ocrx_word' id='word_1_100' title='bbox 103 2128 163 2178; x_wconf 88' lang='lat' dir='ltr'>nec</span> <span class='ocrx_word' id='word_1_101' title='bbox 189 2106 366 2178; x_wconf 87' lang='lat' dir='ltr'>methodo</span> <span class='ocrx_word' id='word_1_102' title='bbox 391 2108 566 2177; x_wconf 91' lang='lat' dir='ltr'>revinctas</span> <span class='ocrx_word' id='word_1_103' title='bbox 591 2108 797 2186; x_wconf 88' lang='lat' dir='ltr'>sententias,</span> <span class='ocrx_word' id='word_1_104' title='bbox 824 2108 997 2199; x_wconf 84' lang='lat' dir='ltr'>conjicere</span> <span class='ocrx_word' id='word_1_105' title='bbox 1023 2104 1205 2187; x_wconf 82' lang='lat' dir='ltr'>solebant3</span> 
     </span>
     <span class='ocr_line' id='line_1_15' title="bbox 103 2221 1206 2315; baseline -0.004 -21"><span class='ocrx_word' id='word_1_106' title='bbox 103 2245 215 2315; x_wconf 87' lang='lat' dir='ltr'>neque</span> <span class='ocrx_word' id='word_1_107' title='bbox 241 2245 282 2293; x_wconf 87' lang='lat' dir='ltr'>se</span> <span class='ocrx_word' id='word_1_108' title='bbox 305 2232 421 2294; x_wconf 86' lang='lat' dir='ltr'>artem</span> <span class='ocrx_word' id='word_1_109' title='bbox 447 2224 645 2294; x_wconf 87' lang='lat' dir='ltr'>universam</span> <span class='ocrx_word' id='word_1_110' title='bbox 674 2223 862 2315; x_wconf 88' lang='lat' dir='ltr'>complecti</span> <span class='ocrx_word' id='word_1_111' title='bbox 891 2221 1117 2307; x_wconf 90' lang='lat' dir='ltr'>simulabant,</span> <span class='ocrx_word' id='word_1_112' title='bbox 1142 2230 1206 2290; x_wconf 92' lang='lat' dir='ltr'>aut</span> 
     </span>
     <span class='ocr_line' id='line_1_16' title="bbox 103 2337 1206 2431; baseline -0.005 -21"><span class='ocrx_word' id='word_1_113' title='bbox 103 2339 370 2431; x_wconf 86' lang='lat' dir='ltr'>profitebantur.</span> <span class='ocrx_word' id='word_1_114' title='bbox 421 2338 475 2408; x_wconf 80' lang='lat' dir='ltr'>At</span> <span class='ocrx_word' id='word_1_115' title='bbox 498 2362 634 2431; x_wconf 87' lang='lat' dir='ltr'>eoquo</span> <span class='ocrx_word' id='word_1_116' title='bbox 660 2362 755 2409; x_wconf 87' lang='lat' dir='ltr'>nune</span> <span class='ocrx_word' id='word_1_117' title='bbox 782 2361 837 2408; x_wconf 86' lang='lat' dir='ltr'>res</span> <span class='ocrx_word' id='word_1_118' title='bbox 862 2338 981 2431; x_wconf 82' lang='lat' dir='ltr'>agitur</span> <span class='ocrx_word' id='word_1_119' title='bbox 1005 2337 1122 2416; x_wconf 91' lang='lat' dir='ltr'>modo,</span> <span class='ocrx_word' id='word_1_120' title='bbox 1138 2337 1206 2404; x_wconf 92' lang='lat' dir='ltr'>mi-</span> 
     </span>
     <span class='ocr_line' id='line_1_17' title="bbox 103 2453 1206 2544; baseline -0.005 -17"><span class='ocrx_word' id='word_1_121' title='bbox 103 2457 196 2528; x_wconf 90' lang='lat' dir='ltr'>nime</span> <span class='ocrx_word' id='word_1_122' title='bbox 215 2456 348 2527; x_wconf 91' lang='lat' dir='ltr'>mirum</span> <span class='ocrx_word' id='word_1_123' title='bbox 369 2466 434 2538; x_wconf 88' lang='lat' dir='ltr'>est,</span> <span class='ocrx_word' id='word_1_124' title='bbox 454 2457 482 2526; x_wconf 92' lang='lat' dir='ltr'>si</span> <span class='ocrx_word' id='word_1_125' title='bbox 506 2457 667 2526; x_wconf 89' lang='lat' dir='ltr'>homines</span> <span class='ocrx_word' id='word_1_126' title='bbox 691 2457 727 2525; x_wconf 90' lang='lat' dir='ltr'>in</span> <span class='ocrx_word' id='word_1_127' title='bbox 754 2456 796 2526; x_wconf 92' lang='lat' dir='ltr'>iis</span> <span class='ocrx_word' id='word_1_128' title='bbox 822 2453 991 2526; x_wconf 86' lang='lat' dir='ltr'>ulteriora</span> <span class='ocrx_word' id='word_1_129' title='bbox 1012 2476 1085 2523; x_wconf 93' lang='lat' dir='ltr'>non</span> <span class='ocrx_word' id='word_1_130' title='bbox 1108 2476 1206 2544; x_wconf 91' lang='lat' dir='ltr'><strong>quae-</strong></span> 
     </span>
     <span class='ocr_line' id='line_1_18' title="bbox 103 2570 1204 2666; baseline -0.004 -21"><span class='ocrx_word' id='word_1_131' title='bbox 103 2585 187 2657; x_wconf 84' lang='lat' dir='ltr'>rant,</span> <span class='ocrx_word' id='word_1_132' title='bbox 220 2595 301 2666; x_wconf 88' lang='lat' dir='ltr'>quae</span> <span class='ocrx_word' id='word_1_133' title='bbox 333 2594 396 2664; x_wconf 92' lang='lat' dir='ltr'>pro</span> <span class='ocrx_word' id='word_1_134' title='bbox 430 2571 597 2665; x_wconf 87' lang='lat' dir='ltr'>perfectis</span> <span class='ocrx_word' id='word_1_135' title='bbox 630 2582 669 2641; x_wconf 89' lang='lat' dir='ltr'>et</span> <span class='ocrx_word' id='word_1_136' title='bbox 703 2571 857 2642; x_wconf 89' lang='lat' dir='ltr'>numeris</span> <span class='ocrx_word' id='word_1_137' title='bbox 891 2571 963 2642; x_wconf 91' lang='lat' dir='ltr'>suis</span> <span class='ocrx_word' id='word_1_138' title='bbox 989 2570 1204 2664; x_wconf 88' lang='lat' dir='ltr'>jampridem</span> 
     </span>
     <span class='ocr_line' id='line_1_19' title="bbox 103 2690 493 2763; baseline -0.008 0"><span class='ocrx_word' id='word_1_139' title='bbox 103 2690 273 2763; x_wconf 75' lang='lat' dir='ltr'>absolutis</span> <span class='ocrx_word' id='word_1_140' title='bbox 294 2690 493 2761; x_wconf 88' lang='lat' dir='ltr'>traduntur.</span> 
     </span>
    </p>

    <p class='ocr_par' dir='ltr' id='par_1_4' title="bbox 533 2802 776 2879">
     <span class='ocr_line' id='line_1_20' title="bbox 533 2802 776 2879; baseline 0.012 -3"><span class='ocrx_word' id='word_1_141' title='bbox 533 2802 776 2879; x_wconf 85' lang='lat' dir='ltr'>LXXXVlI.</span> 
     </span>
    </p>

    <p class='ocr_par' dir='ltr' id='par_1_5' title="bbox 103 2921 1208 4056">
     <span class='ocr_line' id='line_1_21' title="bbox 149 2921 1206 3017; baseline -0.004 -22"><span class='ocrx_word' id='word_1_142' title='bbox 149 2921 274 2995; x_wconf 86' lang='lat' dir='ltr'>Etiam</span> <span class='ocrx_word' id='word_1_143' title='bbox 293 2924 441 3015; x_wconf 88' lang='lat' dir='ltr'>antiqua</span> <span class='ocrx_word' id='word_1_144' title='bbox 460 2946 628 3017; x_wconf 84' lang='lat' dir='ltr'>magnum</span> <span class='ocrx_word' id='word_1_145' title='bbox 648 2923 920 2993; x_wconf 82' lang='lat' dir='ltr'>existimationis</span> <span class='ocrx_word' id='word_1_146' title='bbox 938 2931 976 2992; x_wconf 89' lang='lat' dir='ltr'>et</span> <span class='ocrx_word' id='word_1_147' title='bbox 994 2921 1075 2992; x_wconf 90' lang='lat' dir='ltr'>fidei</span> <span class='ocrx_word' id='word_1_148' title='bbox 1094 2921 1206 2991; x_wconf 87' lang='lat' dir='ltr'>incre-</span> 
     </span>
     <span class='ocr_line' id='line_1_22' title="bbox 103 3038 1207 3132; baseline -0.007 -19"><span class='ocrx_word' id='word_1_149' title='bbox 103 3050 266 3113; x_wconf 89' lang='lat' dir='ltr'>mentum</span> <span class='ocrx_word' id='word_1_150' title='bbox 288 3049 501 3132; x_wconf 90' lang='lat' dir='ltr'>acceperunt</span> <span class='ocrx_word' id='word_1_151' title='bbox 525 3063 571 3111; x_wconf 86' lang='lat' dir='ltr'>ex</span> <span class='ocrx_word' id='word_1_152' title='bbox 595 3062 719 3112; x_wconf 89' lang='lat' dir='ltr'>eornm</span> <span class='ocrx_word' id='word_1_153' title='bbox 737 3041 895 3111; x_wconf 89' lang='lat' dir='ltr'>vanitate</span> <span class='ocrx_word' id='word_1_154' title='bbox 914 3048 953 3111; x_wconf 90' lang='lat' dir='ltr'>et</span> <span class='ocrx_word' id='word_1_155' title='bbox 969 3038 1126 3120; x_wconf 86' lang='lat' dir='ltr'>levitate,</span> <span class='ocrx_word' id='word_1_156' title='bbox 1145 3038 1207 3130; x_wconf 92' lang='lat' dir='ltr'>qui</span> 
     </span>
     <span class='ocr_line' id='line_1_23' title="bbox 103 3154 1206 3250; baseline -0.004 -21"><span class='ocrx_word' id='word_1_157' title='bbox 103 3181 194 3229; x_wconf 92' lang='lat' dir='ltr'>nova</span> <span class='ocrx_word' id='word_1_158' title='bbox 210 3166 489 3250; x_wconf 82' lang='lat' dir='ltr'>proposuerunt3</span> <span class='ocrx_word' id='word_1_159' title='bbox 515 3157 707 3248; x_wconf 86' lang='lat' dir='ltr'>praescrtim</span> <span class='ocrx_word' id='word_1_160' title='bbox 726 3158 763 3226; x_wconf 90' lang='lat' dir='ltr'>in</span> <span class='ocrx_word' id='word_1_161' title='bbox 786 3155 1019 3249; x_wconf 85' lang='lat' dir='ltr'>philosophiae</span> <span class='ocrx_word' id='word_1_162' title='bbox 1037 3154 1206 3225; x_wconf 90' lang='lat' dir='ltr'>naturalis</span> 
     </span>
     <span class='ocr_line' id='line_1_24' title="bbox 103 3271 1207 3368; baseline -0.005 -22"><span class='ocrx_word' id='word_1_163' title='bbox 103 3284 203 3368; x_wconf 88' lang='lat' dir='ltr'>parte</span> <span class='ocrx_word' id='word_1_164' title='bbox 225 3275 342 3345; x_wconf 91' lang='lat' dir='ltr'>activa</span> <span class='ocrx_word' id='word_1_165' title='bbox 365 3287 404 3344; x_wconf 90' lang='lat' dir='ltr'>et</span> <span class='ocrx_word' id='word_1_166' title='bbox 424 3275 615 3366; x_wconf 82' lang='lat' dir='ltr'>operativa.</span> <span class='ocrx_word' id='word_1_167' title='bbox 670 3273 802 3366; x_wconf 87' lang='lat' dir='ltr'>Neque</span> <span class='ocrx_word' id='word_1_168' title='bbox 820 3274 914 3344; x_wconf 90' lang='lat' dir='ltr'>enim</span> <span class='ocrx_word' id='word_1_169' title='bbox 934 3272 1126 3342; x_wconf 89' lang='lat' dir='ltr'>defuerunt</span> <span class='ocrx_word' id='word_1_170' title='bbox 1143 3271 1207 3340; x_wconf 94' lang='lat' dir='ltr'>ho-</span> 
     </span>
     <span class='ocr_line' id='line_1_25' title="bbox 103 3385 1207 3482; baseline -0.006 -20"><span class='ocrx_word' id='word_1_171' title='bbox 103 3393 217 3462; x_wconf 90' lang='lat' dir='ltr'>mines</span> <span class='ocrx_word' id='word_1_172' title='bbox 240 3389 417 3481; x_wconf 83' lang='lat' dir='ltr'>vaniloqui</span> <span class='ocrx_word' id='word_1_173' title='bbox 444 3400 482 3460; x_wconf 91' lang='lat' dir='ltr'>et</span> <span class='ocrx_word' id='word_1_174' title='bbox 508 3390 730 3482; x_wconf 84' lang='lat' dir='ltr'>phantastici,</span> <span class='ocrx_word' id='word_1_175' title='bbox 749 3390 808 3481; x_wconf 93' lang='lat' dir='ltr'>qui</span> <span class='ocrx_word' id='word_1_176' title='bbox 832 3389 961 3482; x_wconf 89' lang='lat' dir='ltr'>partim</span> <span class='ocrx_word' id='word_1_177' title='bbox 987 3411 1034 3458; x_wconf 82' lang='lat' dir='ltr'>ex</span> <span class='ocrx_word' id='word_1_178' title='bbox 1057 3385 1207 3456; x_wconf 90' lang='lat' dir='ltr'>creduli·</span> 
     </span>
     <span class='ocr_line' id='line_1_26' title="bbox 103 3502 1206 3602; baseline -0.006 -22"><span class='ocrx_word' id='word_1_179' title='bbox 103 3519 189 3590; x_wconf 88' lang='lat' dir='ltr'>tate,</span> <span class='ocrx_word' id='word_1_180' title='bbox 212 3509 341 3602; x_wconf 89' lang='lat' dir='ltr'>partim</span> <span class='ocrx_word' id='word_1_181' title='bbox 368 3531 414 3578; x_wconf 85' lang='lat' dir='ltr'>ex</span> <span class='ocrx_word' id='word_1_182' title='bbox 440 3509 646 3598; x_wconf 89' lang='lat' dir='ltr'>impostura,</span> <span class='ocrx_word' id='word_1_183' title='bbox 669 3528 782 3598; x_wconf 86' lang='lat' dir='ltr'>genus</span> <span class='ocrx_word' id='word_1_184' title='bbox 807 3505 1002 3573; x_wconf 91' lang='lat' dir='ltr'>humanum</span> <span class='ocrx_word' id='word_1_185' title='bbox 1029 3502 1206 3594; x_wconf 87' lang='lat' dir='ltr'>promissis</span> 
     </span>
     <span class='ocr_line' id='line_1_27' title="bbox 103 3619 1207 3716; baseline -0.008 -20"><span class='ocrx_word' id='word_1_186' title='bbox 103 3634 313 3696; x_wconf 89' lang='lat' dir='ltr'>onerarunt:</span> <span class='ocrx_word' id='word_1_187' title='bbox 341 3625 422 3694; x_wconf 87' lang='lat' dir='ltr'>vitae</span> <span class='ocrx_word' id='word_1_188' title='bbox 444 3623 759 3716; x_wconf 86' lang='lat' dir='ltr'>prolongationem,</span> <span class='ocrx_word' id='word_1_189' title='bbox 782 3622 975 3693; x_wconf 88' lang='lat' dir='ltr'>senectutis</span> <span class='ocrx_word' id='word_1_190' title='bbox 998 3619 1207 3690; x_wconf 86' lang='lat' dir='ltr'>retardatio·</span> 
     </span>
     <span class='ocr_line' id='line_1_28' title="bbox 103 3737 1207 3828; baseline -0.004 -18"><span class='ocrx_word' id='word_1_191' title='bbox 103 3762 195 3823; x_wconf 89' lang='lat' dir='ltr'>nem,</span> <span class='ocrx_word' id='word_1_192' title='bbox 214 3738 376 3810; x_wconf 89' lang='lat' dir='ltr'>dolorum</span> <span class='ocrx_word' id='word_1_193' title='bbox 401 3738 627 3817; x_wconf 86' lang='lat' dir='ltr'>levationem,</span> <span class='ocrx_word' id='word_1_194' title='bbox 645 3737 860 3808; x_wconf 85' lang='lat' dir='ltr'>naturalium</span> <span class='ocrx_word' id='word_1_195' title='bbox 880 3737 1086 3807; x_wconf 88' lang='lat' dir='ltr'>defectuum</span> <span class='ocrx_word' id='word_1_196' title='bbox 1107 3758 1207 3828; x_wconf 88' lang='lat' dir='ltr'>repa·</span> 
     </span>
     <span class='ocr_line' id='line_1_29' title="bbox 103 3853 1207 3947; baseline -0.003 -20"><span class='ocrx_word' id='word_1_197' title='bbox 103 3856 288 3939; x_wconf 87' lang='lat' dir='ltr'>rationem,</span> <span class='ocrx_word' id='word_1_198' title='bbox 305 3876 472 3925; x_wconf 88' lang='lat' dir='ltr'>sensuum</span> <span class='ocrx_word' id='word_1_199' title='bbox 491 3855 725 3946; x_wconf 85' lang='lat' dir='ltr'>deceptiones,</span> <span class='ocrx_word' id='word_1_200' title='bbox 743 3854 935 3926; x_wconf 86' lang='lat' dir='ltr'>affectuum</span> <span class='ocrx_word' id='word_1_201' title='bbox 960 3853 1146 3947; x_wconf 82' lang='lat' dir='ltr'>ligationes</span> <span class='ocrx_word' id='word_1_202' title='bbox 1168 3862 1207 3924; x_wconf 88' lang='lat' dir='ltr'>et</span> 
     </span>
     <span class='ocr_line' id='line_1_30' title="bbox 103 3968 1208 4056; baseline 0 -14"><span class='ocrx_word' id='word_1_203' title='bbox 103 3972 328 4044; x_wconf 75' lang='lat' dir='ltr'>incitationes</span> <span class='ocrx_word' id='word_1_204' title='bbox 337 3968 377 4056; x_wconf 82' lang='lat'>⁹⁰,</span> <span class='ocrx_word' id='word_1_205' title='bbox 408 3970 706 4043; x_wconf 89' lang='lat' dir='ltr'>intellectualium</span> <span class='ocrx_word' id='word_1_206' title='bbox 737 3971 948 4042; x_wconf 89' lang='lat' dir='ltr'>facultatum</span> <span class='ocrx_word' id='word_1_207' title='bbox 978 3970 1208 4042; x_wconf 88' lang='lat' dir='ltr'>illuminatio·</span> 
     </span>
    </p>
   </div>
   <div class='ocr_carea' id='block_1_3' title="bbox 103 4185 1211 4666">
    <p class='ocr_par' dir='ltr' id='par_1_6' title="bbox 103 4185 1211 4666">
     <span class='ocr_line' id='line_1_31' title="bbox 135 4185 1211 4258; baseline 0 -16"><span class='ocrx_word' id='word_1_208' title='bbox 135 4187 163 4228; x_wconf 57' lang='grc' dir='ltr'><strong>θ</strong></span> <span class='ocrx_word' id='word_1_209' title='bbox 178 4186 247 4242; x_wconf 83' lang='lat' dir='ltr'>This</span> <span class='ocrx_word' id='word_1_210' title='bbox 262 4185 353 4240; x_wconf 86' lang='lat' dir='ltr'>vvould</span> <span class='ocrx_word' id='word_1_211' title='bbox 370 4185 434 4240; x_wconf 91' lang='lat' dir='ltr'>hold</span> <span class='ocrx_word' id='word_1_212' title='bbox 453 4187 590 4257; x_wconf 84' lang='lat' dir='ltr'>especially</span> <span class='ocrx_word' id='word_1_213' title='bbox 607 4187 638 4239; x_wconf 87' lang='lat' dir='ltr'>of</span> <span class='ocrx_word' id='word_1_214' title='bbox 711 4185 736 4226; x_wconf 80' lang='lat'>⁹⁰</span> <span class='ocrx_word' id='word_1_215' title='bbox 752 4185 819 4240; x_wconf 83' lang='lat' dir='ltr'>This</span> <span class='ocrx_word' id='word_1_216' title='bbox 835 4187 967 4258; x_wconf 77' lang='lat' dir='ltr'>language</span> <span class='ocrx_word' id='word_1_217' title='bbox 983 4186 1101 4242; x_wconf 83' lang='lat' dir='ltr'>reminds</span> <span class='ocrx_word' id='word_1_218' title='bbox 1114 4205 1166 4242; x_wconf 90' lang='lat' dir='ltr'>oue</span> <span class='ocrx_word' id='word_1_219' title='bbox 1179 4188 1211 4242; x_wconf 86' lang='lat' dir='ltr'>ol</span> 
     </span>
     <span class='ocr_line' id='line_1_32' title="bbox 103 4263 1207 4337; baseline -0.001 -16"><span class='ocrx_word' id='word_1_220' title='bbox 103 4265 146 4321; x_wconf 82' lang='lat' dir='ltr'>the</span> <span class='ocrx_word' id='word_1_221' title='bbox 169 4265 247 4320; x_wconf 90' lang='lat' dir='ltr'>older</span> <span class='ocrx_word' id='word_1_222' title='bbox 272 4263 413 4319; x_wconf 82' lang='lat' dir='ltr'>deductiva</span> <span class='ocrx_word' id='word_1_223' title='bbox 439 4276 553 4336; x_wconf 79' lang='lat' dir='ltr'>system3</span> <span class='ocrx_word' id='word_1_224' title='bbox 585 4263 635 4318; x_wconf 88' lang='lat' dir='ltr'>but</span> <span class='ocrx_word' id='word_1_225' title='bbox 677 4265 891 4337; x_wconf 81' lang='lat' dir='ltr'>Electrobiology</span> <span class='ocrx_word' id='word_1_226' title='bbox 906 4265 958 4320; x_wconf 84' lang='lat' dir='ltr'>and</span> <span class='ocrx_word' id='word_1_227' title='bbox 975 4266 1052 4320; x_wconf 88' lang='lat' dir='ltr'>other</span> <span class='ocrx_word' id='word_1_228' title='bbox 1071 4265 1207 4321; x_wconf 83' lang='lat' dir='ltr'>delusione</span> 
     </span>
     <span class='ocr_line' id='line_1_33' title="bbox 103 4343 1207 4416; baseline -0.002 -15"><span class='ocrx_word' id='word_1_229' title='bbox 103 4347 157 4400; x_wconf 79' lang='lat' dir='ltr'>also</span> <span class='ocrx_word' id='word_1_230' title='bbox 171 4345 203 4400; x_wconf 84' lang='lat' dir='ltr'>of</span> <span class='ocrx_word' id='word_1_231' title='bbox 216 4344 263 4399; x_wconf 86' lang='lat' dir='ltr'>the</span> <span class='ocrx_word' id='word_1_232' title='bbox 276 4344 408 4397; x_wconf 80' lang='lat' dir='ltr'>universal</span> <span class='ocrx_word' id='word_1_233' title='bbox 420 4361 558 4414; x_wconf 80' lang='lat' dir='ltr'>eagerness</span> <span class='ocrx_word' id='word_1_234' title='bbox 570 4343 636 4397; x_wconf 84' lang='lat' dir='ltr'>alter</span> <span class='ocrx_word' id='word_1_235' title='bbox 676 4346 706 4398; x_wconf 94' lang='lat' dir='ltr'>of</span> <span class='ocrx_word' id='word_1_236' title='bbox 726 4344 838 4399; x_wconf 91' lang='lat' dir='ltr'>modern</span> <span class='ocrx_word' id='word_1_237' title='bbox 864 4343 938 4416; x_wconf 87' lang='lat' dir='ltr'>days.</span> <span class='ocrx_word' id='word_1_238' title='bbox 981 4344 1039 4399; x_wconf 79' lang='lat' dir='ltr'>&#39;l&#39;he</span> <span class='ocrx_word' id='word_1_239' title='bbox 1065 4344 1207 4399; x_wconf 87' lang='lat' dir='ltr'>interested</span> 
     </span>
     <span class='ocr_line' id='line_1_34' title="bbox 103 4421 1208 4496; baseline -0.004 -16"><span class='ocrx_word' id='word_1_240' title='bbox 103 4442 118 4480; x_wconf 79' lang='lat' dir='ltr'>a</span> <span class='ocrx_word' id='word_1_241' title='bbox 134 4425 235 4496; x_wconf 76' lang='lat' dir='ltr'>perfect</span> <span class='ocrx_word' id='word_1_242' title='bbox 253 4423 364 4485; x_wconf 87' lang='lat' dir='ltr'>outline,</span> <span class='ocrx_word' id='word_1_243' title='bbox 378 4421 464 4477; x_wconf 89' lang='lat' dir='ltr'>which</span> <span class='ocrx_word' id='word_1_244' title='bbox 481 4421 555 4477; x_wconf 91' lang='lat' dir='ltr'>leads</span> <span class='ocrx_word' id='word_1_245' title='bbox 574 4440 635 4476; x_wconf 91' lang='lat' dir='ltr'>men</span> <span class='ocrx_word' id='word_1_246' title='bbox 675 4423 895 4494; x_wconf 80' lang='lat' dir='ltr'>generahzations</span> <span class='ocrx_word' id='word_1_247' title='bbox 906 4425 937 4477; x_wconf 87' lang='lat' dir='ltr'>of</span> <span class='ocrx_word' id='word_1_248' title='bbox 946 4424 1047 4496; x_wconf 86' lang='lat' dir='ltr'>quacks</span> <span class='ocrx_word' id='word_1_249' title='bbox 1059 4422 1126 4476; x_wconf 86' lang='lat' dir='ltr'>have</span> <span class='ocrx_word' id='word_1_250' title='bbox 1138 4421 1208 4477; x_wconf 86' lang='lat' dir='ltr'>done</span> 
     </span>
     <span class='ocr_line' id='line_1_35' title="bbox 103 4499 1209 4573; baseline -0.005 -11"><span class='ocrx_word' id='word_1_251' title='bbox 103 4511 131 4563; x_wconf 77' lang='lat' dir='ltr'>to</span> <span class='ocrx_word' id='word_1_252' title='bbox 145 4502 242 4559; x_wconf 81' lang='lat' dir='ltr'>sketch</span> <span class='ocrx_word' id='word_1_253' title='bbox 261 4509 309 4556; x_wconf 86' lang='lat' dir='ltr'>out</span> <span class='ocrx_word' id='word_1_254' title='bbox 325 4499 396 4555; x_wconf 86' lang='lat' dir='ltr'>vvhat</span> <span class='ocrx_word' id='word_1_255' title='bbox 411 4500 473 4573; x_wconf 86' lang='lat' dir='ltr'>they</span> <span class='ocrx_word' id='word_1_256' title='bbox 485 4514 584 4557; x_wconf 84' lang='lat' dir='ltr'>cannot</span> <span class='ocrx_word' id='word_1_257' title='bbox 598 4501 636 4555; x_wconf 86' lang='lat' dir='ltr'>fill</span> <span class='ocrx_word' id='word_1_258' title='bbox 676 4502 758 4556; x_wconf 89' lang='lat' dir='ltr'>much</span> <span class='ocrx_word' id='word_1_259' title='bbox 770 4512 799 4557; x_wconf 90' lang='lat' dir='ltr'>to</span> <span class='ocrx_word' id='word_1_260' title='bbox 811 4502 922 4573; x_wconf 83' lang='lat' dir='ltr'>damage</span> <span class='ocrx_word' id='word_1_261' title='bbox 934 4503 979 4557; x_wconf 88' lang='lat' dir='ltr'>the</span> <span class='ocrx_word' id='word_1_262' title='bbox 991 4510 1083 4573; x_wconf 85' lang='lat' dir='ltr'>repnte</span> <span class='ocrx_word' id='word_1_263' title='bbox 1095 4500 1126 4554; x_wconf 89' lang='lat' dir='ltr'>of</span> <span class='ocrx_word' id='word_1_264' title='bbox 1134 4518 1209 4557; x_wconf 76' lang='lat' dir='ltr'>more</span> 
     </span>
     <span class='ocr_line' id='line_1_36' title="bbox 103 4578 1206 4666; baseline -0.002 -31"><span class='ocrx_word' id='word_1_265' title='bbox 103 4599 150 4654; x_wconf 67' lang='lat' dir='ltr'>up,</span> <span class='ocrx_word' id='word_1_266' title='bbox 178 4656 183 4666; x_wconf 24' lang='grc' dir='ltr'>ι</span> <span class='ocrx_word' id='word_1_267' title='bbox 677 4578 1206 4653; x_wconf 83' lang='lat' dir='ltr'>thanonebrauchofPhysicalScience.</span> 
     </span>
    </p>
   </div>
   <div class='ocr_carea' id='block_1_4' title="bbox 718 4692 742 4740">
    <p class='ocr_par' dir='ltr' id='par_1_7' title="bbox 718 4692 742 4740">
     <span class='ocr_line' id='line_1_37' title="bbox 718 4692 742 4740; baseline 0 0"><span class='ocrx_word' id='word_1_268' title='bbox 718 4692 742 4740; x_wconf 81' lang='lat' dir='ltr'>G</span> 
     </span>
    </p>
   </div>
   <div class='ocr_carea' id='block_1_5' title="bbox 0 0 1359 5226">
    <p class='ocr_par' dir='ltr' id='par_1_8' title="bbox 0 0 1359 5226">
     <span class='ocr_line' id='line_1_38' title="bbox 0 0 1359 5226; baseline 0 0"><span class='ocrx_word' id='word_1_269' title='bbox 0 0 1359 5226; x_wconf 95' lang='lat' dir='ltr'> </span> 
     </span>
    </p>
   </div>
  </div>
 </body>
</html>
