2708 5226
130 553 193 623 192
459 550 632 616 NOVUM
656 549 905 615 onuhNUM.

181 717 369 787 manifesto
394 717 615 799 intumescit,
632 716 793 810 insurgit,
813 724 852 785 et
878 715 1014 786 emittit
1039 713 1203 798 bullasat·

180 854 250 923 que
274 839 378 925 urget
399 851 601 923 processum
628 831 854 923 expandendi
877 854 927 912 ss,
945 831 1058 902 donec
1074 840 1204 901 vertatur

181 947 219 1017 in
236 968 362 1038 corpus
384 944 490 1038 longo
512 946 625 1038 magis
643 953 833 1017 extensum
850 955 890 1017 et
906 945 1106 1028 dilatatum,
1121 967 1205 1039 quan

181 1063 228 1132 sit
254 1062 329 1154 ipse
359 1059 494 1152 liquor:
521 1060 586 1129 viz.
615 1060 653 1128 in
682 1082 860 1152 vaporem,
889 1070 953 1132 ant
987 1061 1132 1142 summu,
1159 1067 1208 1128 ant

179 1179 307 1248 adrem.

231 1293 446 1366 Ostenditur
465 1292 573 1362 etiam
600 1293 637 1361 in
664 1292 762 1360 omni
790 1288 888 1384 ligno
910 1300 950 1361 et
972 1289 1209 1372 combustibili3

180 1410 243 1479 ubi
261 1409 304 1481 lit
319 1407 508 1502 aliquando
524 1407 722 1488 exsudatio,
738 1415 778 1477 at
794 1428 935 1499 sempor
950 1408 1159 1500 evaporatio.

231 1523 446 1596 Ostenditur
480 1525 589 1593 etiam
623 1523 660 1593 in
695 1521 949 1614 colliquatione
981 1522 1212 1601 metallorum

180 1664 258 1733 quoe
288 1639 384 1728 (cum
413 1641 485 1711 sint
513 1641 668 1732 corporis
700 1639 992 1732 compactissimi)
1022 1662 1094 1711 nou
1127 1637 1212 1710 facilc

180 1757 425 1827 intumescunt
447 1763 486 1825 et
507 1778 546 1826 se
567 1754 739 1826 dilatant:
765 1756 828 1826 sod
855 1764 978 1828 tamon
1004 1758 1145 1848 spiritus
1166 1776 1212 1826 oo

179 1894 269 1953 rum,
296 1883 483 1965 postquam
513 1871 621 1942 hierit
650 1873 687 1940 in
717 1893 755 1942 se
786 1871 967 1958 dilatatus,
994 1883 1033 1943 et
1061 1874 1212 1966 majorem

178 1988 268 2058 adso
295 1987 541 2059 dilatationem
568 1988 797 2079 concupierit,
818 1988 934 2058 trudit
960 1988 1068 2080 plane
1093 1998 1130 2060 et
1153 1988 1213 2081 agit

178 2112 298 2196 partes
315 2104 499 2175 crassiores
521 2105 559 2174 in
582 2102 770 2195 liquidum.
821 2101 929 2187 Quod
952 2105 982 2174 si
1006 2105 1116 2177 etiam
1135 2104 1213 2175 calor

179 2219 305 2290 fortius
330 2220 546 2302 intendatur,
563 2218 670 2290 solvit
692 2228 730 2289 et
747 2220 856 2289 vertit
878 2218 1037 2289 multum
1060 2243 1106 2290 ex
1127 2222 1167 2291 iis
1185 2220 1211 2289 in

179 2333 335 2406 volatile.

230 2448 442 2522 Ostenditur
458 2451 568 2521 etiam
585 2451 623 2519 in
640 2450 732 2520 ferro
750 2461 813 2520 aut
833 2448 1030 2542 lapidibus:
1053 2451 1214 2544 quaelicet

178 2590 250 2637 non
276 2567 460 2660 liquefiant
485 2576 549 2637 aut
575 2568 779 2650 fundantur,
803 2579 925 2638 tamen
952 2565 1213 2641 emolliuntur'³¹.

179 2683 285 2766 Quod
304 2687 414 2756 etiarn
432 2685 473 2754 fit
489 2685 526 2753 in
545 2682 680 2754 baculis
704 2684 801 2778 ligni,
819 2708 901 2776 quae
918 2685 1093 2758 calefacta
1109 2685 1213 2780 paulu-

178 2798 252 2869 lum
271 2802 308 2869 in
326 2801 504 2871 cineribus
522 2799 646 2870 calidis
663 2801 755 2870 liunt
772 2800 953 2872 flexibilia.

229 2916 376 3009 Optime
395 2927 516 2990 autern
534 2920 691 2989 cernitur
707 2921 775 2990 iste
792 2929 911 2991 motus
927 2923 965 2991 in
983 2924 1075 3001 aere,
1092 2923 1150 3016 qui
1167 2941 1215 3014 per

181 3033 351 3126 exiguum
376 3034 531 3104 calorem
558 3057 596 3105 se
621 3034 748 3104 dilatat
773 3039 942 3108 continuo
968 3048 1008 3108 st
1033 3038 1214 3113 manifesto,

183 3158 224 3218 ut
240 3173 306 3242 per
321 3149 469 3222 Instant.
486 3155 544 3222 38.
567 3148 602 3220 T
598 3148 649 3220 ab.
664 3157 698 3221 3.

230 3266 442 3338 Ostenditur
475 3269 584 3338 etiam
623 3269 661 3336 in
694 3277 822 3338 natura
855 3273 1032 3342 contraria
1065 3263 1216 3365 frigitil.

179 3383 308 3479 Frigus
325 3385 422 3455 enim
439 3405 546 3453 omne
570 3405 696 3475 corpus
719 3384 899 3456 contrahit
923 3395 961 3456 et
987 3389 1084 3480 cogit
1109 3388 1145 3457 in
1168 3408 1219 3456 an·

178 3503 339 3595 gustius;
367 3501 455 3570 adeo
482 3508 525 3569 ut
550 3522 613 3591 per
637 3501 777 3570 intensa
799 3501 930 3596 frigora
951 3501 1041 3574 clavi
1065 3503 1218 3574 excidant

176 3640 225 3687 ex
241 3616 444 3709 parietibus,
461 3640 529 3686 aera
545 3614 726 3698 dissiliant,
738 3618 869 3687 vitrum
888 3619 999 3689 etiam
1015 3619 1217 3691 calefactum

161 3821 186 3861 ³¹
202 3821 292 3876 bacon
309 3820 370 3875 herc
390 3839 475 3876 seems
493 3832 522 3877 to
538 3831 656 3877 contem-
698 3831 746 3876 not
757 3824 872 3895 actually
883 3833 942 3879 true
954 3824 1013 3879 that
1025 3832 1043 3856 “
1054 3826 1140 3898 frigus
1151 3842 1219 3880 omne

126 3900 197 3968 plats
220 3898 266 3953 tbe
289 3899 437 3971 possibility
456 3901 487 3955 ol
508 3901 581 3964 Iron,
603 3899 657 3954 and
697 3917 795 3969 corpus
825 3903 985 3958 contrahit.'’
1021 3903 1081 3958 Tha
1108 3913 1220 3972 contrary

126 3994 201 4030 some
219 3976 300 4031 kinds
318 3978 349 4032 ol
367 3978 457 4042 stoue,
471 3987 519 4033 not
536 3979 655 4050 meltiug.
697 3979 720 4032 is
738 3978 784 4032 the
803 3996 863 4034 caso
880 3980 945 4034 with
964 3982 1017 4035 lca.
1053 3982 1113 4037 'l'hc
1129 3979 1220 4037 Freuch

126 4054 656 4121 “lbereisnosohdaubstanceknown,
697 4059 810 4127 popular
830 4075 888 4128 way
906 4059 936 4113 ol
958 4060 1088 4132 spealdng
1108 4061 1140 4115 of
1157 4058 1221 4112 “dc·

126 4133 222 4198 which,
252 4134 289 4207 by
318 4153 335 4189 a
365 4135 524 4207 sufficicntly
554 4137 657 4190 intense
697 4153 773 4207 groes
791 4136 822 4190 ol
839 4136 938 4200 Cold,'’
952 4138 1147 4208 (unsingfrom
1163 4138 1221 4193 their

128 4210 207 4276 Heat,
220 4231 281 4284 may
290 4222 338 4266 not
349 4213 382 4267 bc
395 4213 501 4276 mehed,
514 4213 566 4267 and
580 4213 655 4268 final·
696 4231 745 4268 usa
758 4214 789 4268 of
806 4214 965 4269 Recumur's
976 4215 1185 4281 Thermum,
1196 4232 1222 4270 to

126 4290 153 4360 ly
159 4290 303 4360 dissipated
315 4291 343 4344 iu
351 4293 481 4362 vapour.”
502 4291 656 4346 Hcrschcl’s
696 4292 842 4361 gruduated
856 4293 914 4348 that
925 4293 971 4348 the
982 4294 1102 4367 hearing
1117 4297 1190 4367 point
1202 4295 1221 4349 ia

127 4367 280 4432 Discouroe,
293 4371 308 4437 §
319 4382 381 4440 357.
697 4373 779 4440 aero,)
798 4372 876 4426 tenda
895 4381 924 4426 to
946 4373 1014 4443 keep
1032 4391 1072 4444 up
1091 4374 1146 4431 thia
1164 4374 1221 4429 tals

160 4446 187 4485 ³²
199 4446 267 4501 Gold
283 4447 306 4500 ia
323 4447 385 4501 here
401 4446 529 4517 regarded
545 4465 574 4502 as
586 4466 603 4503 a
614 4467 655 4504 ae·
696 4449 789 4504 notion
802 4450 833 4505 ol
841 4450 964 4506 absolute
977 4450 1056 4507 Cold.

125 4535 215 4596 parate
234 4525 286 4579 aud
307 4525 415 4579 distinct
434 4525 544 4580 Nature.
583 4528 608 4582 It
632 4530 655 4581 is
